
@article{frechon_les_2017,
	title = {Les mineurs isolés étrangers et les inégalités de prise en charge en protection de l’enfance en {France}},
	abstract = {This working document is the translation of an article published in the journal Social Work and Society which devotes two special issues to the theme of "Unaccompanied Minors in Europe". We present the situation of unaccompanied minors who, in France, are referred to as Unaccompanied Minors (UAM) or Unaccompanied foreign minors. Each article in the journal presents an OECD country and must follow the same format in order to allow international comparisons. This paper provides an overview of knowledge of the legal system for dealing with this population, the quantitative data available and the supporting arrangements. This paper reviews current research evidence on the response of social work services to unaccompanied minor and present some original analyses from the Etude Longitudinale sur l'accès à l'Autonomie des jeunes Placés (ELAP) conducted by INED and the Printemps research unit in seven departments in Ile-de-France and Nord Pas-de-Calais. Support during care and the ages at the end of placement are compared to other young people protected in France between the ages of 17 and 20.},
	language = {fr},
	journal = {Social Work},
	author = {Frechon, Isabelle},
	year = {2017},
	keywords = {lu},
	pages = {24},
	file = {Frechon - 2017 - Les mineurs isolés étrangers et les inégalités de .pdf:/Users/elodielemaire/Zotero/storage/6DNNCHNL/Frechon - 2017 - Les mineurs isolés étrangers et les inégalités de .pdf:application/pdf},
}

@inproceedings{marquet_les_2013,
	address = {Aix-en-Provence, France},
	title = {Les enfants protégés en {France}. {Différences} selon les politiques départementales de prise en charge},
	url = {https://hal.archives-ouvertes.fr/hal-02383909},
	urldate = {2021-06-01},
	booktitle = {{XVIe} colloque national de démographie},
	author = {Marquet, Lucy and Perron, Zoé and Frechon, Isabelle},
	month = may,
	year = {2013},
	keywords = {lu},
	file = {HAL PDF Full Text:/Users/elodielemaire/Zotero/storage/QGV7M2TG/Marquet et al. - 2013 - Les enfants protégés en France. Différences selon .pdf:application/pdf},
}

@article{frechon_impossible_2002,
	title = {L'impossible observation de l'enfance protégée en {France} ?},
	language = {fr},
	author = {Frechon, Isabelle},
	year = {2002},
	keywords = {lu},
	pages = {15},
	file = {Frechon - L'impossible observation de l'enfance protégée en .pdf:/Users/elodielemaire/Zotero/storage/SZ36N6UL/Frechon - L'impossible observation de l'enfance protégée en .pdf:application/pdf},
}

@article{helfter_construction_2010,
	title = {La construction des politiques d'action sociale au sein des départements},
	volume = {n° 162},
	issn = {0046-9459},
	url = {https://www.cairn.info/revue-informations-sociales-2010-6-page-86.htm},
	abstract = {{\textless}titre{\textgreater}R\&\#233;sum\&\#233;{\textless}/titre{\textgreater}Quelles sont les logiques qui animent les d\&\#233;partements en mati\&\#232;re d\&\#8217;action sociale\&\#160;? Si l\&\#8217;encadrement l\&\#233;gislatif semble jouer en faveur d\&\#8217;une homog\&\#233;n\&\#233;it\&\#233; des pratiques, cet article vise \&\#224; identifier les marges de man\&\#339;uvre des d\&\#233;partements. Il s\&\#8217;appuie sur une enqu\&\#234;te monographique men\&\#233;e dans trois d\&\#233;partements. Pour adapter au mieux leurs ressources en fonction des besoins, les d\&\#233;partements investigu\&\#233;s font \&\#233;tat d\&\#8217;une n\&\#233;cessit\&\#233; de connaissances sur leurs administr\&\#233;s, d\&\#8217;une part, et d\&\#8217;\&\#233;valuer leurs actions, d\&\#8217;autre part. Chefs de file de l\&\#8217;action sociale, les d\&\#233;partements ne peuvent assurer leurs missions sans le soutien d\&\#8217;autres acteurs associatifs et institutionnels, bien que les difficult\&\#233;s soient importantes pour animer un r\&\#233;seau partenarial. Dans cet article sont identifi\&\#233;s deux p\&\#244;les entre lesquels oscillent les d\&\#233;partements\&\#160;: la premi\&\#232;re est une posture dite \&\#171;\&\#160;proactive\&\#160;\&\#187;, laquelle permet de trouver dans la contrainte une source d\&\#8217;inspiration pour parvenir \&\#224; des solutions innovantes\&\#160;; la deuxi\&\#232;me est une posture plut\&\#244;t \&\#171;\&\#160;l\&\#233;galiste\&\#160;\&\#187; qui consiste \&\#224; se conformer, de la mani\&\#232;re la plus efficace possible, aux nombreuses injonctions qui entourent l\&\#8217;activit\&\#233; des d\&\#233;partements.},
	language = {fr},
	number = {6},
	urldate = {2021-05-29},
	journal = {Informations sociales},
	author = {Helfter, Clémence},
	year = {2010},
	note = {Publisher: Caisse nationale d'allocations familiales},
	keywords = {lu},
	pages = {86--91},
	file = {Full Text PDF:/Users/elodielemaire/Zotero/storage/XXW6NDSZ/Helfter - 2010 - La construction des politiques d'action sociale au.pdf:application/pdf},
}

@article{capelier_accompagnement_nodate,
	title = {L'accompagnement vers l'autonomie des jeunes sortant du dispositif de protection de l'enfance},
	author = {Capelier, Flore},
	file = {20141029_revue_de_litterature_autonomie.pdf:/Users/elodielemaire/Zotero/storage/23X5GSVQ/20141029_revue_de_litterature_autonomie.pdf:application/pdf},
}

@article{giraud_travail_2005,
	title = {Le travail psychosocial des enfants placés},
	volume = {Vol. 29},
	issn = {0378-7931},
	url = {https://www.cairn.info/revue-deviance-et-societe-2005-4-page-463.htm},
	abstract = {Cet article expose les r\&\#233;sultats d\&\#8217;une recherche dont l\&\#8217;objet a consist\&\#233; \&\#224; analyser les conditions de mise en \&\#339;uvre et le d\&\#233;roulement du placement administratif et judiciaire de \&\#171;\&\#160;mineurs en difficult\&\#233;\&\#187;. Il a pour objectif l\&\#8217;analyse sociologique des effets du placement sur la dynamique des liens familiaux. La d\&\#233;marche permet d\&\#8217;ouvrir une r\&\#233;flexion th\&\#233;orique sur les cons\&\#233;quences d\&\#8217;une transplantation qui peut aboutir, dans les cas o\&\#249; l\&\#8217;enfant demeure attach\&\#233; \&\#224; ses proches, \&\#224; une \&\#171;\&\#160;d\&\#233;territorialisation\&\#187; de soi. Il s\&\#8217;agit d\&\#8217;une forme singuli\&\#232;re de socialisation rep\&\#233;rable par un mal-\&\#234;tre psychique r\&\#233;current \&\#224; autrui et \&\#224; l\&\#8217;espace, qui se manifeste par une anxi\&\#233;t\&\#233; durable, des troubles r\&\#233;fractaires \&\#224; tout effort de rem\&\#233;diation. L\&\#8217;enfant plac\&\#233;, dans cet \&\#233;tat d\&\#8217;incertitude chronique, consacre l\&\#8217;essentiel de ses forces \&\#224; la qu\&\#234;te de liens et de lieux de vie improbables, et para\&\#238;t dans l\&\#8217;incapacit\&\#233; de fournir toute autre forme de travail.},
	language = {fr},
	number = {4},
	urldate = {2021-08-23},
	journal = {Deviance et Societe},
	author = {Giraud, Michel},
	year = {2005},
	note = {Bibliographie\_available: 1
Cairndomain: www.cairn.info
Cite Par\_available: 1
Publisher: Médecine \& Hygiène},
	pages = {463--485},
	file = {Full Text PDF:/Users/elodielemaire/Zotero/storage/U73PQZT9/Giraud - 2005 - Le travail psychosocial des enfants placés.pdf:application/pdf;Snapshot:/Users/elodielemaire/Zotero/storage/FG44UVR5/revue-deviance-et-societe-2005-4-page-463.html:text/html},
}

@book{potin_enfants_2012,
	title = {Enfants placés, déplacés, replacés : parcours en protection de l'enfance},
	isbn = {978-2-7492-3470-0},
	shorttitle = {Enfants placés, déplacés, replacés},
	abstract = {Que signifie protéger pour les institutions ? Que signifie être protégé pour un enfant placé ? À partir d'une quarantaine d'entretiens individuels et collectifs et de 350 dossiers de l'Aide sociale à l'enfance, l'auteur tente de répondre à ces questions en analysant les parcours de prise en charge dans le cadre de placements (enfants placés, déplacés, replacés). Dans ce livre attachant, l'auteur nous plonge dans un univers peu connu, celui des parcours d'enfants placés par l'aide sociale à l'enfance. Cette situation n'est pas rare en France puisque chaque année 140 000 enfants font l'objet d'une mesure de placement. Construit autour de récits recueillis auprès des familles d'origine, des familles d'accueil, des profes-sionnels de l'enfance (juges, travailleurs so-ciaux...) et surtout des enfants et adolescents concernés, cet ouvrage restitue la parole et la dignité de ceux qui sont l'objet de ces mesures. Émilie Potin est docteure en sociologie, ingénieure de recherche à l'université de Bretagne occidentale à Brest, membre de l'Atelier de recherche sociologique.},
	language = {fr},
	publisher = {Eres},
	author = {Potin, Émilie},
	month = jan,
	year = {2012},
	note = {Google-Books-ID: 7yK9BQAAQBAJ},
}

@article{potin_aide_2017,
	title = {Aide sociale à l’enfance : se construire comme adolescent. {Deux} récits, deux expériences de placement},
	volume = {125},
	copyright = {free},
	shorttitle = {Aide sociale à l’enfance},
	url = {https://www.persee.fr/doc/caf_2431-4501_2017_num_125_1_3242},
	doi = {10.3406/caf.2017.3242},
	abstract = {Grandir en dehors de sa famille n’est pas une situation ordinaire. En France, 1 \% des mineurs sont confiés à l’aide sociale à l’enfance par une mesure de placement. Pour autant, leur adolescence est-elle extraordinaire ? Quel est l’impact du placement sur les adolescents ? Comment ces derniers se saisissent-ils de la mesure de protection ? À partir d’une approche situant les logiques dominantes liées à la prise en charge des adolescents placés et d’une lecture centrée sur les récits d’expérience de deux adolescentes, l’objectif de cet article est de montrer les ressorts complexes de la construction adolescente et ses enjeux socioéducatifs dans le cadre contraint du système de protection de l’enfance.},
	language = {fre},
	number = {1},
	urldate = {2021-06-29},
	journal = {Revue des politiques sociales et familiales},
	author = {Potin, Émilie},
	year = {2017},
	note = {Publisher: Persée - Portail des revues scientifiques en SHS},
	pages = {45--56},
}

@article{dulin_prevenir_nodate,
	title = {Prévenir les ruptures dans les parcours en protection de l’enfance},
	language = {fr},
	author = {Dulin, Antoine},
	keywords = {lu},
	pages = {98},
	file = {Dulin - Prévenir les ruptures dans les parcours en protect.pdf:/Users/elodielemaire/Zotero/storage/652CY8SJ/Dulin - Prévenir les ruptures dans les parcours en protect.pdf:application/pdf},
}

@phdthesis{zogmal_les_2015,
	title = {Les processus d'observation et de catégorisation des enfants comme outil de travail dans les pratiques professionnelles des éducatrices et éducateurs de l'enfance},
	url = {https://archive-ouverte.unige.ch/unige:79060},
	abstract = {Cette recherche s'intéresse aux compétences professionnelles mobilisées par les éducatrices/-teurs de l'enfance pour construire des « connaissances » portant sur les enfants, leurs conduites, leurs compétences et leurs caractéristiques. L'émergence des processus d'observation et de catégorisation dans les pratiques réelles est analysée dans une perspective interactionnelle, à travers quatre axes : 1) L'ostension des processus d'observation et de catégorisation dans les interactions entre éducatrices et enfants ; 2) La dimension collective dans les interactions de l'équipe éducative ; 3) La dimension dynamique à travers l'analyse de deux trajectoires situées ; 4) L'acquisition et la transmission des processus étudiés. Ce travail met en évidence les phénomènes d'ostension et aborde comment les éducatrices/-teurs parlent de leurs observations et des catégorisations effectuées. L'ostension et la présomption d'une intentionnalité s'imbriquent dans un travail d'enquête pour s'ajuster aux enfants. En abordant la banalité des interactions quotidiennes, cette recherche éclaire l'accomplissement d'un travail éducatif.},
	language = {fre},
	urldate = {2021-06-05},
	school = {University of Geneva},
	author = {Zogmal, Marianne},
	year = {2015},
	doi = {10.13097/archive-ouverte/unige:79060},
	doi = {10.13097/archive-ouverte/unige:79060},
	file = {Full Text PDF:/Users/elodielemaire/Zotero/storage/9I27PYXE/Zogmal - 2015 - Les processus d&#039\;observation et de catégorisat.pdf:application/pdf;Snapshot:/Users/elodielemaire/Zotero/storage/ALDQKCJ3/unige79060.html:text/html},
}

@article{ravon_repenser_2009,
	title = {Repenser l'usure professionnelle des travailleurs sociaux},
	volume = {n° 152},
	issn = {0046-9459},
	url = {https://www.cairn.info/journal-informations-sociales-2009-2-page-60.htm},
	abstract = {{\textless}titre{\textgreater}R\&\#233;sum\&\#233;{\textless}/titre{\textgreater}Le ph\&\#233;nom\&\#232;ne de l\&\#8217;usure des travailleurs sociaux est rapport\&\#233; \&\#224; deux types d\&\#8217;alt\&\#233;ration de l\&\#8217;exercice professionnel\&\#160;: d\&\#8217;une part, l\&\#8217;\&\#233;puisement des intervenants dans la relation d\&\#8217;aide, observ\&\#233; au tout d\&\#233;but des ann\&\#233;es 1980, principalement dans le champ de l\&\#8217;\&\#233;ducation sp\&\#233;cialis\&\#233;e\&\#160;; d\&\#8217;autre part et plus r\&\#233;cemment, l\&\#8217;extension \&\#224; tous les secteurs du travail social de la plainte d\&\#8217;intervenants confront\&\#233;s aux prescriptions contradictoires des dirigeants. Les dispositifs mis en place pour surmonter ces atteintes \&\#224; la professionnalit\&\#233; tendent \&\#224; se reconfigurer. Ce n\&\#8217;est plus seulement la relation \&\#224; l\&\#8217;usager qui s\&\#8217;av\&\#232;re probl\&\#233;matique mais la d\&\#233;finition de la place du travailleur social au sein m\&\#234;me de l\&\#8217;organisation qui l\&\#8217;emploie.},
	language = {fr},
	number = {2},
	urldate = {2021-06-05},
	journal = {Informations sociales},
	author = {Ravon, Bertrand},
	month = mar,
	year = {2009},
	note = {Publisher: Caisse nationale d'allocations familiales},
	pages = {60--68},
	file = {Full Text PDF:/Users/elodielemaire/Zotero/storage/BTAC5GH4/Ravon - 2009 - Repenser l'usure professionnelle des travailleurs .pdf:application/pdf;Snapshot:/Users/elodielemaire/Zotero/storage/5A9S8DF2/journal-informations-sociales-2009-2-page-60.html:text/html},
}

@phdthesis{molina_les_2015,
	type = {These de doctorat},
	title = {Les travailleurs sociaux, des groupes professionnels en transformation},
	copyright = {Licence Etalab},
	url = {https://www.theses.fr/2015EHES0055},
	abstract = {L'objet de la recherche porte sur une analyse des processus de professionnalisation de trois groupes professionnels « historiques » du travail social : assistant de service social, éducateur spécialisé, conseiller en économie sociale et familiale. Sont mises au jour des imbrications complexes entre intérêts collectifs et individuels des différents protagonistes. Ces processus rendent compte des recompositions professionnelles à l'œuvre mêlant trois niveaux d'analyse : de nouvelles régulations politiques, administratives et juridiques ; l'introduction de nouvelles logiques managériales au sein des organisations de travail ; et enfin le parcours biographique et professionnel de chaque individu. Depuis les années 1980, le secteur de l'action sociale et médico-sociale connaît des transformations dans un contexte socio-économique et politique lui-même en mutation, marqué par une crise économique durable et structurelle. Les années 2000 se présentent comme une étape majeure dans les transformations de la professionnalisation du secteur à travers des réformes d'ampleur. Au-delà de la codification des activités de travail et des compétences formalisées et standardisées dans des référentiels professionnels, elles visent des mobilités entre les groupes pour un exercice professionnel polyvalent au sein des organisations de travail. Il s'agit, en d'autres termes, de formes de décloisonnement professionnel qui privilégient la mission plutôt que le métier dans le contexte du Nouveau Management Public. Sont analysés dans la recherche, les rapports sociaux dans lesquels se jouent les segments et quels en sont les enjeux et symétriquement les zones de recouvrement.},
	urldate = {2021-06-05},
	school = {Paris, EHESS},
	author = {Molina, Yvette},
	collaborator = {Grelon, André},
	month = jan,
	year = {2015},
}

@article{guetat-calabrese_etre_2021,
	title = {Être directrice ou directeur d’une {MECS} ({Maison} d’{Enfants} à {Caractère} {Social})},
	volume = {N° 25},
	issn = {2100-0670},
	url = {https://www.cairn.info/revue-cliopsy-2021-1-page-31.htm},
	abstract = {L\&\#8217;auteure, directrice d\&\#8217;une maison d\&\#8217;enfants \&\#224; caract\&\#232;re social (MECS), a r\&\#233;alis\&\#233; une recherche dans le cadre d\&\#8217;une th\&\#232;se en Sciences de l\&\#8217;\&\#233;ducation et de la formation, \&\#224; propos de la fonction de direction d\&\#8217;une telle institution. Cet article rend compte de quelques-unes des hypoth\&\#232;ses issues de cette recherche \&\#224; partir de l\&\#8217;analyse des propos des deux directrices et deux directeurs qu\&\#8217;elle a interrog\&\#233;s. Ces hypoth\&\#232;ses portent sur la question du rapport au temps de ces directrices et directeurs et en particulier sur leur rapport aux limites. Pour approfondir cette question l\&\#8217;auteure a recours aux th\&\#233;orisations de Jean Cournut qui d\&\#233;veloppe les processus \&\#224; l\&\#8217;\&\#339;uvre chez des sujets qui ont une tendance aux exc\&\#232;s dans l\&\#8217;effacement des limites.},
	language = {fr},
	number = {1},
	urldate = {2021-06-05},
	journal = {Cliopsy},
	author = {Guetat-Calabrese, Narjès},
	month = may,
	year = {2021},
	note = {Publisher: Association Cliopsy},
	pages = {31--51},
	file = {Snapshot:/Users/elodielemaire/Zotero/storage/SJL2GQYZ/revue-cliopsy-2021-1-page-31.html:text/html},
}

@article{afquir_evolution_2008,
	title = {Évolution de la prise en charge des enfants en {MECS}},
	volume = {N° 2},
	issn = {0042-5605},
	url = {https://www.cairn.info/revue-vie-sociale-2008-2-page-37.htm},
	abstract = {Les m\&\#233;dias sp\&\#233;cialis\&\#233;s du champ socio-\&\#233;ducatif font \&\#233;tat de formes \&\#171;\&\#160;innovantes\&\#160;\&\#187; de prises en charge dans des maisons d\&\#8217;enfants \&\#224; caract\&\#232;re social. Comment les professionnels de ces internats \&\#233;ducatifs envisagent-ils l\&\#8217;\&\#233;volution des modalit\&\#233;s d\&\#8217;accueil dans ce secteur sp\&\#233;cifique de la suppl\&\#233;ance familiale. L\&\#8217;enqu\&\#234;te men\&\#233;e aupr\&\#232;s de 53 \&\#233;tablissements met en lumi\&\#232;re l\&\#8217;existence de modes d\&\#8217;accueil \&\#171;\&\#160;diff\&\#233;rents\&\#160;\&\#187; des pratiques habituelles associ\&\#233;es \&\#224; ce type d\&\#8217;\&\#233;tablissement. Loin des projecteurs, ces pratiques en cours depuis plusieurs ann\&\#233;es, sont anim\&\#233;es par la volont\&\#233; des professionnels qui les ont initi\&\#233;es d\&\#8217;accro\&\#238;tre l\&\#8217;implication des parents \&\#224; la prise en charge de leurs enfants plac\&\#233;s. Appara\&\#238;t ainsi le souci premier d\&\#8217;adapter les moyens institutionnels aux plus proches besoins de la situation familiale. L\&\#8217;action des \&\#233;quipes d\&\#8217;encadrement dans le d\&\#233;veloppement de mode d\&\#8217;accueils diff\&\#233;renci\&\#233;es s\&\#8217;av\&\#232;re d\&\#233;terminante pour impulser et accompagner de nouvelles pratiques professionnelles.},
	language = {fr},
	number = {2},
	urldate = {2021-06-05},
	journal = {Vie sociale},
	author = {Afquir, Abdel},
	year = {2008},
	note = {Publisher: Érès},
	pages = {37--43},
	file = {Full Text PDF:/Users/elodielemaire/Zotero/storage/VE982Q7B/Afquir - 2008 - Évolution de la prise en charge des enfants en MEC.pdf:application/pdf;Snapshot:/Users/elodielemaire/Zotero/storage/983F9A5C/revue-vie-sociale-2008-2-page-37.html:text/html},
}

@article{abassi_61_2020,
	title = {61 000 enfants, adolescents et jeunes majeurs hébergés fin 2017 dans les établissements de l'aide sociale à l'enfance},
	language = {fr},
	author = {Abassi, Elisa (DREES/OS)},
	year = {2020},
	pages = {23},
	file = {Abassi - 2020 - 61 000 enfants, adolescents et jeunes majeurs hébe.pdf:/Users/elodielemaire/Zotero/storage/85P35JKD/Abassi - 2020 - 61 000 enfants, adolescents et jeunes majeurs hébe.pdf:application/pdf},
}

@article{drieu_les_2013,
	title = {Les «jeunes incasables» en protection de l’enfance: l’impensé du genre dans les troubles et prises en charge},
	volume = {9},
	copyright = {Direitos de Autor (c)},
	issn = {1646-2335},
	shorttitle = {Les «jeunes incasables» en protection de l’enfance},
	url = {https://revistas.rcaap.pt/interaccoes/article/view/2850},
	doi = {10.25755/int.2850},
	language = {fr},
	number = {25},
	urldate = {2021-06-02},
	journal = {Interacções},
	author = {Drieu, Didier and Eeckeman, Emmanuelle and Plagès, Marie},
	month = jul,
	year = {2013},
	note = {Number: 25},
	file = {Full Text PDF:/Users/elodielemaire/Zotero/storage/TZQXCEKL/Drieu et al. - 2013 - Les «jeunes incasables» en protection de l’enfance.pdf:application/pdf},
}

@article{tourrilhes_construction_2006,
	title = {Construction sociale d’une jeunesse en difficulté},
	volume = {40},
	copyright = {free},
	url = {https://www.persee.fr/doc/agora_1268-5666_2006_num_40_1_2270},
	doi = {10.3406/agora.2006.2270},
	abstract = {Rahmen von Massnahmen zur Integration in die normale Arbeitswelt, die angeblich nur provisorisch sind. In ihrer Individualisierung erklärt die Integration den Jugendlichen als Akteur und einziger Verantwortlicher für sein eigenes Projekt und verstärkt somit die Verinnerlichung seines Misserfolges und disqualifiziert die Sozialarbeit in ihrer Funktion der Fürsorge. Missliche Abenteuer und abweichende Karrieren bilden sich dann als Bruch mit den Sozialarbeitern, selbst wenn man seltsamerweise bei einigen Jugendlichen eine Kapazität der Mobilisierung und der kollektiven Aktion, um ihre soziale und kulturelle Identität zu behaupten, beobachten kann. *},
	language = {fre},
	number = {1},
	urldate = {2021-06-02},
	journal = {Agora débats/jeunesses},
	author = {Tourrilhes, Catherine},
	year = {2006},
	note = {Publisher: Persée - Portail des revues scientifiques en SHS},
	pages = {108--119},
}

@article{tillard_itineraire_2009,
	title = {Itinéraire de place en place : l’exemple de {Kelly}},
	copyright = {Sociétés et jeunesses en difficulté est mis à disposition selon les termes de la licence Creative Commons Attribution - Pas d'Utilisation Commerciale - Pas de Modification 4.0 International.},
	issn = {1953-8375},
	shorttitle = {Itinéraire de place en place},
	url = {http://journals.openedition.org/sejed/6431},
	abstract = {Cet article expose les principaux résultats d’une étude portant sur les jeunes « incasables » à partir de l’étude du cas d’une jeune fille, plusieurs fois placée, ayant fréquenté 6 collèges et finalement en fugue. La perspective théorique tend à interroger les points de vue de la famille, de la jeune fille et de différents professionnels exerçant dans plusieurs institutions, afin de construire la connaissance selon les principes de l’étude de cas développés par Becker. Après avoir exposé le cadre et la méthodologie, la trajectoire de Kelly est présentée. Dans la suite de l’article, l’analyse des éléments de son parcours permet de présenter les points communs entre son cas et l’ensemble des résultats recueillis auprès des autres jeunes rencontrés.},
	language = {fr},
	number = {n°8},
	urldate = {2021-06-02},
	journal = {Sociétés et jeunesses en difficulté. Revue pluridisciplinaire de recherche},
	author = {Tillard, Bernadette and Lemoine, Maryan and Bruggeman, Delphine},
	month = nov,
	year = {2009},
	note = {Number: n°8
Publisher: École nationale de protection judiciaire de la jeunesse},
	file = {Full Text PDF:/Users/elodielemaire/Zotero/storage/FC268JZG/Tillard et al. - 2009 - Itinéraire de place en place  l’exemple de Kelly.pdf:application/pdf},
}

@article{robin_parcours_2013,
	title = {Parcours de vie des enfants et des jeunes relevant du dispositif de protection de l'enfance : les paradoxes d'une biographie sous injonction},
	volume = {n° 10},
	issn = {1763-718X},
	shorttitle = {Parcours de vie des enfants et des jeunes relevant du dispositif de protection de l'enfance},
	url = {https://www.cairn.info/revue-recherches-familiales-2013-1-page-91.htm},
	abstract = {Cet article vise, \&\#224; travers l\&\#8217;exp\&\#233;rience d\&\#8217;enfants et de jeunes de l\&\#8217;aide sociale \&\#224; l\&\#8217;enfance, \&\#224; mettre \&\#224; l\&\#8217;\&\#233;preuve l\&\#8217;id\&\#233;e de l\&\#8217;individualisation de l\&\#8217;action publique, ainsi que ce qu\&\#8217;elle implique en termes d\&\#8217;accompagnement des publics concern\&\#233;s. \&\#192; partir de\&\#160;31\&\#160;r\&\#233;cits de parcours d\&\#8217;enfants et de jeunes de\&\#160;11\&\#160;\&\#224;\&\#160;25\&\#160;ans, nous avons cherch\&\#233; \&\#224; comprendre les paradoxes d\&\#8217;une acquisition de l\&\#8217;autonomie sous contrainte. Il ressort des r\&\#233;cits biographiques des enfants plac\&\#233;s, l\&\#8217;exp\&\#233;rience de conditions de socialisation extr\&\#234;mement paradoxales. Alors que les enfants ne disposent pas toujours d\&\#8217;un espace de r\&\#233;flexivit\&\#233; pour \&\#233;laborer leur propre histoire, sont peu associ\&\#233;s aux d\&\#233;cisions qui les concernent et voient les liens tiss\&\#233;s durant la prise en charge peu reconnus, il leur est demand\&\#233; en permanence de se raconter et de s\&\#8217;engager biographiquement.},
	language = {fr},
	number = {1},
	urldate = {2021-06-02},
	journal = {Recherches familiales},
	author = {Robin, Pierrine and Séverac, Nadège},
	month = mar,
	year = {2013},
	note = {Publisher: Union nationale des associations familiales},
	pages = {91--102},
	file = {Full Text PDF:/Users/elodielemaire/Zotero/storage/7PDAXWLA/Robin et Séverac - 2013 - Parcours de vie des enfants et des jeunes relevant.pdf:application/pdf},
}

@article{potin_vivre_2009,
	title = {Vivre un parcours de placement. {Un} champ des possibles pour l’enfant, les parents et la famille d’accueil},
	copyright = {Sociétés et jeunesses en difficulté est mis à disposition selon les termes de la licence Creative Commons Attribution - Pas d'Utilisation Commerciale - Pas de Modification 4.0 International.},
	issn = {1953-8375},
	url = {http://journals.openedition.org/sejed/6428},
	abstract = {Les expériences vécues par l’enfant et par son entourage dans le cadre d’un placement à l’aide sociale à l’enfance sont diversifiées. Cet article vise à appréhender le parcours de prise en charge produit par un placement, et ses conséquences. Il s’agira de comprendre pourquoi, pour certains enfants, ce parcours aboutit à ce que Michel Giraud nomme « une déterritorialisation de soi » alors que, pour d’autres, il permet la construction d’une « parenté d’accueil », comme l’ont montré les travaux d’Anne Cadoret. Cet article invite plus largement à s’interroger sur les étapes ordinaires du parcours, les orientations qui en découlent et l’espace de projection ainsi ouvert sur l’avenir. Ce champ des possibles n’est pas à envisager seulement du point de vue de l’enfant mais aussi du point de vue des espaces et groupes sociaux qui se sont recomposés à partir du placement. Nous proposons d’axer notre démonstration sur la carrière morale de l’enfant, des parents et des familles d’accueil.},
	language = {fr},
	number = {n°8},
	urldate = {2021-06-02},
	journal = {Sociétés et jeunesses en difficulté. Revue pluridisciplinaire de recherche},
	author = {Potin, Emilie},
	month = nov,
	year = {2009},
	note = {Number: n°8
Publisher: École nationale de protection judiciaire de la jeunesse},
	keywords = {lu},
}

@article{potin_protection_2013,
	title = {Protection de l’enfance : parcours scolaires des enfants placés},
	volume = {112},
	copyright = {free},
	shorttitle = {Protection de l’enfance},
	url = {https://www.persee.fr/doc/caf_2101-8081_2013_num_112_1_2824},
	doi = {10.3406/caf.2013.2824},
	abstract = {La protection de l’enfant est tout d’abord physique à partir du retrait de l’enfant de son milieu d’origine quand un (risque de) danger pour l’enfant a été désigné. Elle est aussi sociale car il s’agit de doter l’enfant en ressources pour lui permettre d’affronter les risques futurs. Cette assurance pour l’avenir peut s’observer de différentes manières. Dans cet article, le choix s’est porté sur la scolarité des enfants placés. En mettant en perspective le parcours de placement et le parcours scolaire, il s’agit de mieux comprendre pour quelles raisons le placement est une ressource pour certains et pas pour d’autres.},
	language = {fre},
	number = {1},
	urldate = {2021-06-02},
	journal = {Revue des politiques sociales et familiales},
	author = {Potin, Émilie},
	year = {2013},
	note = {Publisher: Persée - Portail des revues scientifiques en SHS},
	pages = {89--100},
}

@article{havlicek_patterns_2010,
	title = {Patterns of {Movement} in {Foster} {Care}: {An} {Optimal} {Matching} {Analysis}},
	volume = {84},
	issn = {0037-7961},
	shorttitle = {Patterns of {Movement} in {Foster} {Care}},
	url = {https://www.jstor.org/stable/10.1086/656308},
	doi = {10.1086/656308},
	abstract = {Placement instability remains a vexing problem for child welfare agencies across the country. This study uses child welfare administrative data to retrospectively follow the entire placement histories (birth to age 17.5) of 474 foster youth who reached the age of majority in the state of Illinois and to search for patterns in their movement through the child welfare system. Patterns are identified through optimal matching and hierarchical cluster analyses. Multiple logistic regression is used to analyze administrative and survey data in order to examine covariates related to patterns. Five distinct patterns of movement are differentiated: Late Movers, Settled with Kin, Community Care, Institutionalized, and Early Entry. These patterns suggest high but variable rates of movement. Implications for child welfare policy and service provision are discussed.},
	number = {3},
	urldate = {2021-06-02},
	journal = {Social Service Review},
	author = {Havlicek, Judy},
	year = {2010},
	note = {Publisher: The University of Chicago Press},
	pages = {403--435},
	file = {Version acceptée:/Users/elodielemaire/Zotero/storage/DGKW8K4Z/Havlicek - 2010 - Patterns of Movement in Foster Care An Optimal Ma.pdf:application/pdf},
}

@book{ertul_les_2012,
	address = {Rennes},
	title = {Les parcours sociaux à l'épreuve des politiques publiques},
	isbn = {978-2-7535-1988-6},
	abstract = {L'introduction du livre indique : "Cet ouvrage a pour principal objectif de mieux identifier les effets des politiques publiques sur les parcours des individus qu'elles intègrent dans leur périmètre. L'analyse fine de plusieurs de ces politiques, mises en œuvre dans des domaines variés (immigration, emploi, éducation, santé, logement ...), et de leurs conséquences sociales, doit permettre de montrer de quelle manière elles infléchissent les projets de vie, de quelle manière leur transformation constitue une variable extrêmement prégnante dans les processus d'amélioration ou au contraire de dégradation des conditions de vie. L'État social, sans avoir disparu comme plusieurs textes le montrent avec précision, n'a-t-il pas cédé le pas à sa dimension coercitive? Le délaissement par l'État de l'action sociale a largement profité, nous semble-t-il, aux collectivités locales. Pour autant, leurs capacités d'intervention restent largement conditionnées par leur dotation budgétaire et leurs effectifs que le pouvoir exécutif n'a de cesse de vouloir restreindre. C'est en tenant compte de ce contexte de profonde reconfiguration du rôle de l'État et des collectivités territoriales, que les différentes contributions de cet ouvrage éclairent la façon dont certaines politiques publiques exercent une forte contrainte sur les individus concernés, rendant difficile la concrétisation de leur projet de vie, même si, ici où là, ces contributions soulignent les possibilités d'affirmation des individus. Autrement dit, il s'agira de comprendre en quoi elles peuvent être des contraintes réduisant les possibles ou à l'inverse faciliter leur projet singulier ..."},
	language = {French},
	publisher = {Presses universitaires de Rennes},
	editor = {Ertul, Servet and Melchior, Jean-Philippe and Warin, Philippe},
	year = {2012},
	note = {OCLC: 795457408},
}

@article{capelier_enjeux_2013,
	title = {Enjeux et particularités de la contractualisation en protection de l’enfance : l’exemple du projet pour l’enfant},
	copyright = {Sociétés et jeunesses en difficulté est mis à disposition selon les termes de la licence Creative Commons Attribution - Pas d'Utilisation Commerciale - Pas de Modification 4.0 International.},
	issn = {1953-8375},
	shorttitle = {Enjeux et particularités de la contractualisation en protection de l’enfance},
	url = {http://journals.openedition.org/sejed/7396},
	abstract = {La loi du 5 mars 2007 réformant la protection de l’enfance créé un projet pour l’enfant. Ce document s’inscrit dans un mouvement plus large de contractualisation de l’action sociale qui a pour principaux objectifs d’assurer une individualisation des prises en charge et la participation des usagers aux mesures qui les concernent. Dans ce cadre, le projet pour l’enfant doit permettre un accompagnement individualisé de l’enfant tout en assurant la participation des parents à la prise en charge chaque fois que cela s’avère possible. L’avènement de la contractualisation, et notamment du projet pour l’enfant, pose des problématiques juridiques nouvelles liées au sens et au contenu de ces documents.},
	language = {fr},
	number = {n°13},
	urldate = {2021-06-02},
	journal = {Sociétés et jeunesses en difficulté. Revue pluridisciplinaire de recherche},
	author = {Capelier, Flore},
	month = nov,
	year = {2013},
	note = {Number: n°13
Publisher: École nationale de protection judiciaire de la jeunesse},
	file = {Full Text PDF:/Users/elodielemaire/Zotero/storage/6VAQZZR8/Capelier - 2013 - Enjeux et particularités de la contractualisation .pdf:application/pdf},
}

@book{corbillon_enfant_1990,
	title = {L'enfant placé: de l'{Assistance} publique à l'{Aide} sociale à l'enfance},
	isbn = {978-2-11-002283-7},
	shorttitle = {L'enfant placé},
	language = {fr},
	publisher = {Ministère de la solidarité, de la santé et de la protection sociale},
	author = {Corbillon, Michel and sociale, de la santé et de la protection, France Ministère de la solidarité and Assailly, Jean-Pascal and Duyme, Michel},
	year = {1990},
	note = {Google-Books-ID: vS0oAQAAMAAJ},
	keywords = {lu},
}

@article{kammerer_aide_2020,
	title = {Aide sociale à l’enfance},
	volume = {N° 1266},
	issn = {0994-1819},
	url = {https://www.cairn.info/magazine-lien-social-2020-3-page-18.htm},
	language = {fr},
	number = {3},
	urldate = {2021-05-31},
	journal = {Lien Social},
	author = {Kammerer, Mariette and Frechon, Isabelle},
	year = {2020},
	note = {Publisher: Lien Social},
	pages = {18--24},
}

@book{thevenet_laide_nodate,
	title = {L’aide sociale en {France}},
	isbn = {978-2-13-054480-7},
	url = {https://www.cairn.info/l-aide-sociale-en-france--9782130544807.htm},
	abstract = {L{\textbackslash}'aide sociale est la forme la plus ancienne de protection sociale. La décentralisation a transféré de nombreux pouvoirs aux régions. Cet ouvrage expose l{\textbackslash}'évolution de l{\textbackslash}'aide sociale en France.},
	language = {fr},
	urldate = {2021-05-31},
	author = {Thévenet, Amédée},
	note = {ISSN: 0768-0066},
}

@article{dietrich-ragon_quitter_2020,
	title = {Quitter l’{Aide} sociale à l’enfance},
	volume = {Vol. 75},
	issn = {0032-4663},
	url = {https://www.cairn.info/revue-population-2020-4-page-527.htm},
	language = {fr},
	number = {4},
	urldate = {2021-05-31},
	journal = {Population},
	author = {Dietrich-Ragon, Pascale},
	year = {2020},
	note = {Publisher: Institut national d'études démographiques},
	pages = {527--559},
	file = {Full Text PDF:/Users/elodielemaire/Zotero/storage/HGJ823NY/Dietrich-Ragon - 2020 - Quitter l’Aide sociale à l’enfance.pdf:application/pdf},
}

@book{verdier_aide_2013,
	title = {L'aide sociale à l'enfance},
	isbn = {978-2-10-059456-6},
	url = {https://www.cairn.info/aide-sociale-a-l-enfance--9782100594566.htm},
	abstract = {L’aide sociale à l’enfance concerne 400 000 enfants, soit environ un million et demi de personnes si, comme il se doit, on inclut les familles. Avec plus de 6,890 millions d’euros de coût annuel, elle est le principal poste de dépense des départements. Plus profondément, sur le plan humain, elle marque toujours durablement les personnes concernées. Le dispositif hérité de l’assistance publique a été considérablement modifié par les lois de décentralisation qui en ont confié la responsabilité aux départements, puis par une multitude de textes comme la convention des droits de l’enfant, les réformes de l’autorité parentale, de l’adoption, de la filiation, de l’accueil familial, de l’assistance éducative… En 2007, la réforme de la protection de l’enfance a défini les objectifs, initié des pratiques nouvelles et en a clarifié le fonctionnement et les articulations avec la protection judiciaire et les autres acteurs du secteur de l’enfance. Depuis, la réforme a été mise en oeuvre : d’autres textes sont venus modifier l’organisation même de l’initiative en matière de création de structures ou encore entériner les changements de fond des rapports humains et par conséquent la place de l’enfant. Cet ouvrage de référence est à jour des dernières modifications législatives et de la jurisprudence. Il constitue pour les administrations, les acteurs sociaux et les familles un outil indispensable.},
	language = {fr},
	urldate = {2021-05-31},
	publisher = {Dunod},
	author = {Verdier, Pierre and Noé, Fabienne},
	year = {2013},
	doi = {10.3917/dunod.verdi.2013.01},
	file = {Snapshot:/Users/elodielemaire/Zotero/storage/2A4X5AI4/aide-sociale-a-l-enfance--9782100594566.html:text/html},
}

@misc{escudie_projet_2016,
	title = {Projet pour l'enfant : un outil utile, mais perfectible},
	shorttitle = {Projet pour l'enfant},
	url = {https://www.banquedesterritoires.fr/projet-pour-lenfant-un-outil-utile-mais-perfectible},
	abstract = {L'ONPE (Observatoire national de la protection de l'enfance, rattaché à l'Observatoire national de l'enfance en danger - Oned) publie un rapport d'étude intitulé "Le projet pour l'enfant : état des lieux, enjeux organisationnels et pratiques". Le projet pour l'enfant (PPE) est l'une des principales…},
	language = {fr},
	urldate = {2021-05-29},
	journal = {Banque des Territoires},
	author = {Escudié, Jean-Noël},
	month = sep,
	year = {2016},
	file = {Snapshot:/Users/elodielemaire/Zotero/storage/XITSZDIX/projet-pour-lenfant-un-outil-utile-mais-perfectible.html:text/html},
}

@article{breugnot_les_2012,
	title = {Les innovations dans le champ de la protection de l'enfance},
	volume = {N° 57},
	issn = {1957-0341},
	url = {https://www.cairn.info/revue-la-nouvelle-revue-de-l-adaptation-et-de-la-scolarisation-2012-1-page-259.htm},
	abstract = {Issu d’une thèse relative à l’étude des « innovations socio-éducatives » en protection de l’enfance, l’article expose les résultats du croisement d’interrogations émanant d’une pratique de terrain en tant qu’assistante sociale et d’une précédente étude (Breugnot, Durning, 2001) relative à un état des lieux des recherches sur l’action éducative en milieu ouvert. Des entretiens ont été menés dans une trentaine de services auprès de différents membres de l’équipe éducative (directeur, responsables d’équipe, travailleurs sociaux…), et de personnes externes (magistrats, responsables de l’ASE…). À partir de l’analyse systématique réalisée à l’aide d’une grille centrée sur les intentions, le contexte, la mise en œuvre, les évolutions du dispositif, le regard des acteurs sur le projet et des éléments relatifs à l’évaluation des différents services, l’article propose une classification des innovations en cinq types principaux (le relais parental, l’accueil de jour familial, l’accueil de jour de l’enfant, l’accueil séquentiel, la prise en charge associant intervention à domicile et suppléance familiale) puis dégage les principales caractéristiques des innovations faisant l’objet d’un essaimage. Les conditions d’une appropriation des innovations par les acteurs concernés sont mises en avant, et l’on s’interroge sur les effets de la pression à l’efficacité dans des délais de mise en œuvre singulièrement raccourcis.},
	language = {fr},
	number = {1},
	urldate = {2021-05-29},
	journal = {La nouvelle revue de l'adaptation et de la scolarisation},
	author = {Breugnot, Pascale},
	year = {2012},
	note = {Publisher: I.N.S.H.E.A.},
	pages = {259--270},
}

@article{rousseau_devenir_2016,
	title = {Devenir à long terme de très jeunes enfants placés à l’{Aide} sociale à l’enfance},
	issn = {0035-2985},
	url = {https://www.cairn.info/revue-francaise-des-affaires-sociales-2016-1-page-343.htm},
	abstract = {La recherche Saint-Exup\&\#233;ry. 2011-2014 d\&\#233;crit le devenir sur 20 ans de 129 enfants ayant b\&\#233;n\&\#233;fici\&\#233;, avant l\&\#8217;\&\#226;ge de 4 ans, d\&\#8217;un placement dans un \&\#233;tablissement de l\&\#8217;Aide sociale \&\#224; l\&\#8217;enfance (ASE) du d\&\#233;partement de Maine-et-Loire (49). Les biographies exhaustives de ces enfants ont \&\#233;t\&\#233; reconstitu\&\#233;es depuis leur naissance jusqu\&\#8217;\&\#224; leur majorit\&\#233;. La morbidit\&\#233; personnelle \&\#224; l\&\#8217;admission est tr\&\#232;s forte (mauvais \&\#233;tat g\&\#233;n\&\#233;ral, souffrance psychique) dans un climat familial souvent tr\&\#232;s perturb\&\#233; (nombreux enfants plac\&\#233;s dans la fratrie, troubles psychiatriques parentaux). Tous les enfants progressent ensuite, mais en ordre dispers\&\#233;. Les enfants dont la gravit\&\#233; de l\&\#8217;\&\#233;tat \&\#224; l\&\#8217;admission est importante et pour lesquels les d\&\#233;cisions de placement ont \&\#233;t\&\#233; prises apr\&\#232;s un long d\&\#233;lai, progressent le moins bien. La recherche met en \&\#233;vidence plusieurs d\&\#233;terminants p\&\#233;joratifs du devenir, notamment la gravit\&\#233; et la dur\&\#233;e de l\&\#8217;exposition au risque. \&\#192; l\&\#8217;\&\#226;ge adulte, un quart des enfants conservent un handicap psychique et une inadaptation sociale et sont d\&\#233;pendants des prestations sociales. \&\#192; l\&\#8217;oppos\&\#233;, un autre quart \&\#233;volue favorablement\&\#160;; il s\&\#8217;agit d\&\#8217;enfants pris en charge suffisamment t\&\#244;t, avec des troubles somatiques et psychologiques encore r\&\#233;versibles. La recherche met aussi en \&\#233;vidence des facteurs protecteurs, notamment une prise en charge pr\&\#233;coce. Les \&\#233;volutions p\&\#233;joratives paraissent donc pouvoir \&\#234;tre r\&\#233;duites en am\&\#233;liorant le d\&\#233;pistage et en d\&\#233;veloppant cette prise en charge pr\&\#233;coce.},
	language = {fr},
	number = {1},
	urldate = {2021-05-29},
	journal = {Revue francaise des affaires sociales},
	author = {Rousseau, Daniel and Riquin, Élise and Rozé, Mireille and Duverger, Philippe and Saulnier, Patrick},
	month = jun,
	year = {2016},
	note = {Publisher: La Documentation française},
	pages = {343--374},
	file = {Snapshot:/Users/elodielemaire/Zotero/storage/GPC2L9DF/revue-francaise-des-affaires-sociales-2016-1-page-343.html:text/html},
}

@phdthesis{potin_enfants_2009,
	type = {These de doctorat},
	title = {Enfants en danger, enfants protégés, enfants sécurisés ? : parcours de (dé)placement(s) des enfants confiés à l'{Aide} sociale à l'enfance},
	copyright = {Licence Etalab},
	shorttitle = {Enfants en danger, enfants protégés, enfants sécurisés ?},
	url = {http://www.theses.fr/2009BRES1008},
	abstract = {Ce travail s’appuie sur l’examen de 350 dossiers de l’Aide Sociale à l’Enfance et sur la reconstitution de dix-huit trajectoires de placement à partir d’une quarantaine d’entretiens auprès de jeunes en cours de placement, de parents et de professionnels. Il s’agit de comprendre pourquoi et d’expliquer ce que produit le placement comme parcours de prise en charge et ses conséquences en terme de sécurité, pourquoi pour certains, il aboutit à ce que Michel Giraud (2005) nomme « une déterritorialisalion de soi » alors que pour d’autres, il permet la construction de nouveaux supports, d’une «parenté d’accueil» par exemple comme l’a montré Anne Cadoret (1995). S’appuyant sur le concept de configuration développé par Norbert Elias, deux niveaux d’analyse sont donc ici articulés mettre à jour les déterminants sociaux à partir des logiques de prises en charge et appréhender la diversité des parcours comme une résultante du jeu des acteurs à l’intérieur des contraintes sociales.},
	urldate = {2021-05-29},
	school = {Brest},
	author = {Potin, Émilie},
	collaborator = {Gautier, Arlette},
	month = jan,
	year = {2009},
}

@article{lallemand__1997,
	title = {A. {Cadoret}, {Parenté} plurielle. {Anthropologie} du placement familial},
	volume = {37},
	copyright = {free},
	url = {https://www.persee.fr/doc/hom_0439-4216_1997_num_37_142_370261},
	language = {fre},
	number = {142},
	urldate = {2021-05-29},
	journal = {Homme},
	author = {Lallemand, Suzanne},
	year = {1997},
	note = {Publisher: Persée - Portail des revues scientifiques en SHS},
	pages = {126--128},
	file = {Snapshot:/Users/elodielemaire/Zotero/storage/99PD7IYQ/hom_0439-4216_1997_num_37_142_370261.html:text/html},
}

@article{potin_place_2014,
	title = {La place des enfants placés},
	volume = {N° 13},
	issn = {1951-0519},
	url = {http://www.cairn.info/revue-sens-dessous-2014-1-page-59.htm},
	language = {fr},
	number = {1},
	urldate = {2021-05-28},
	journal = {Sens-Dessous},
	author = {Potin, Émilie},
	year = {2014},
	note = {Publisher: Éditions de l'Association Paroles},
	keywords = {lu},
	pages = {59--70},
}

@article{frechon_en_nodate,
	title = {en protection de l’enfance. {Lorsque} le passé dessine l’avenir},
	language = {fr},
	author = {Frechon, Isabelle and Breugnot, Pascale and Marquet, Lucy},
	pages = {27},
	file = {Frechon et al. - en protection de l’enfance. Lorsque le passé dessi.pdf:/Users/elodielemaire/Zotero/storage/HUWPBRB3/Frechon et al. - en protection de l’enfance. Lorsque le passé dessi.pdf:application/pdf},
}

@article{robin_les_2010,
	title = {Les dispositifs d’accompagnement à l’âge adulte des jeunes vulnérables : regards croisés {France}-{Allemagne} - {Persée}},
	url = {https://www.persee.fr/doc/caf_2101-8081_2010_num_102_1_2559},
	number = {102},
	urldate = {2021-05-24},
	journal = {Revue des politiques sociales et familiales},
	author = {Robin, Pierrine and Oehme, Andreas},
	year = {2010},
	pages = {65--78},
	file = {Les dispositifs d’accompagnement à l’âge adulte des jeunes vulnérables \: regards croisés France-Allemagne - Persée:/Users/elodielemaire/Zotero/storage/UZPDRY3F/caf_2101-8081_2010_num_102_1_2559.html:text/html},
}

@article{muniglia_parcours_2014,
	title = {Parcours de jeunes en grande difficulté : à l’interaction des logiques d’intervention professionnelles et des usages juvéniles de l’aide sociale},
	issn = {1703-9665},
	shorttitle = {Parcours de jeunes en grande difficulté},
	url = {http://id.erudit.org/iderudit/1021161ar},
	doi = {10.7202/1021161ar},
	abstract = {La configuration de la solidarité publique envers les jeunes en difficulté d’insertion en France, oscillant entre vision familialiste et injonction à l’insertion professionnelle, fragilise particulièrement les jeunes déjà vulnérables du fait de difficultés d’insertion associées à une absence de soutien familial. L’article explore la façon dont le caractère faiblement protecteur de la solidarité publique pour les jeunes entre 16 et 25 ans induit une interdépendance forte entre la négociation des identités individuelles et le rapport développé au système d’aide. Il montre en effet que les histoires de vie difficiles, les recompositions identitaires qu’elles génèrent ainsi que la nature du réseau relationnel sur lequel les jeunes peuvent s’appuyer conditionnent la façon dont ils expérimentent la situation de précarité tout comme leurs modalités de recours à l’aide. Il met également en lumière l’incidence sur la relation d’aide de la rencontre entre logiques d’intervention professionnelles et logiques d’usage des jeunes bénéficiaires.
          , 
            The various configurations of public solidarity with young people having trouble integrating into French society, oscillating as they do between a family-oriented perspective and calls for vocational integration, have a particularly destabilizing effect on youths already vulnerable due to integration problems stemming from a lack of family support. This paper explores the way the weakness of public solidarity with 16- to 25-year-olds leads to a strong interdependence between the negotiation of individual identities and the relationship that develops with the welfare system. It shows that hard lives, the blended identities they produce and the nature of the relational network where young people can find support all condition the way they experience their vulnerability and make use of available resources. It also highlights how the intersection between the professional logic of intervention and young beneficiaries’ logic of use of the system affects the helping relationship.},
	language = {fr},
	number = {70},
	urldate = {2021-05-24},
	journal = {Lien social et Politiques},
	author = {Muniglia, Virginie and Rothé, Céline},
	month = jan,
	year = {2014},
	pages = {153--169},
	file = {Muniglia et Rothé - 2014 - Parcours de jeunes en grande difficulté  à l’inte.pdf:/Users/elodielemaire/Zotero/storage/RY2LYQ32/Muniglia et Rothé - 2014 - Parcours de jeunes en grande difficulté  à l’inte.pdf:application/pdf},
}

@article{callu_etre_2006,
	title = {Etre placé… et après ?},
	volume = {n° 38},
	issn = {1276-3780},
	url = {https://www.cairn.info/article.php?ID_ARTICLE=LCD_038_0079},
	language = {fr},
	number = {2},
	urldate = {2021-05-24},
	journal = {Les Cahiers Dynamiques},
	author = {Callu, Élisabeth},
	year = {2006},
	note = {Publisher: Érès},
	pages = {79--81},
}

@incollection{firdion_placement_2010,
	title = {Le placement durant l'enfance et le risque d'exposition aux violences à l'âge adulte},
	abstract = {Ce chapitre étudie, à partir de l'enquête EVS, les liens entre les situations d'adversité vécues durant l'enfance, en particulier le placement en foyer collectif ou en famille d'accueil, et le risque d'avoir subi une agression au cours des deux années précédant l'enquête, tout en tenant compte des éléments du contexte présent. Avoir vécu des situations de précarité et de violence augmente significativement le risque d'avoir été placé. Dans le cas des hommes, le placement (en particulier en foyer collectif) constitue en lui-même un facteur de risque d'être exposé à des violences à l'âge adulte. Certaines caractéristiques socio-économiques à l'âge adulte comme l'insatisfaction au travail pour les hommes ou le fait d'occuper un emploi pour les femmes augmentent également le risque d'agressions physiques ou verbales récentes. Les femmes qui consomment des antidépresseurs déclarent également plus souvent avoir subi des violences. Ces résultats établissent donc un lien entre les violences subies récemment et le passé difficile des personnes, en pointant le risque que constituent les difficultés économiques dans la famille d'origine et le placement, ainsi que, à l'âge adulte, un milieu professionnel peu épanouissant. Contrairement à ce que l'on observe pour les personnes sans domicile ayant été placées durant leur enfance, les problèmes de santé de la mère n'ont pas d'effets significatifs sur le risque d'avoir été placé parmi les personnes « logées ». En revanche, pour les deux populations, les situations d'adversité durant l'enfance ont un effet semblable sur le risque d'avoir été placé et d'avoir subi des agressions récentes. Le placement durant l'enfance et le risque d'exposition aux violences à l'âge adulte Jean­Marie FIRDION et Isabelle PARIZOT},
	author = {Firdion, Jean-Marie and Parizot, Isabelle},
	month = jan,
	year = {2010},
	pages = {125--138},
	file = {Full Text PDF:/Users/elodielemaire/Zotero/storage/YD5PR7C9/Firdion et Parizot - 2010 - Le placement durant l'enfance et le risque d'expos.pdf:application/pdf},
}

@article{mainaud_echec_nodate,
	title = {Échec et retard scolaire des enfants hébergés par l’aide sociale à l’enfance},
	language = {fr},
	author = {Mainaud, Thierry},
	pages = {6},
	file = {Mainaud - Échec et retard scolaire des enfants hébergés par .pdf:/Users/elodielemaire/Zotero/storage/SI5QFMPR/Mainaud - Échec et retard scolaire des enfants hébergés par .pdf:application/pdf},
}

@article{frechon_placement_2016,
	title = {Placement dans l'enfance et précarité de la situation de logement},
	volume = {2016},
	doi = {10.3406/estat.2016.10710},
	abstract = {En France (et c’est le cas dans de nombreux pays occidentaux qui disposent d’un système
de protection de l’enfance), la proportion de personnes ayant été placées dans leur
enfance est relativement faible dans la population générale (de l’ordre de 2 à 3 \%) alors
qu’elle atteint 23 \% en 2012 parmi les utilisateurs des services d’aide (hébergement
temporaire et restauration gratuite), pour ceux nés en France.
Au sein des utilisateurs des services d’aide nés en France, ceux qui ont été placés dans
leur enfance sont plus jeunes (34 \% ont entre 18 et 29 ans contre 23 \% pour ceux qui
n’ont pas connu le placement) et plus souvent de sexe féminin (48 \% des anciens placés
sont des femmes contre 30 \% parmi ceux qui n’ont pas connu le placement).
Toujours au sein des utilisateurs de service d’aide, malgré une meilleure couverture
maladie, 36 \% de ceux qui ont été placés dans leur enfance déclarent un état de santé
mauvais ou très mauvais, soit deux fois plus que pour les autres (ceux qui n’ont pas
connu le placement). Ce mauvais état de santé remonte plus fréquemment à l’enfance
que pour les autres. Leur formation est plus courte (35 \% sont sans diplôme contre 29 \%
pour les autres) et leurs emplois plus précaires.
Au sein même des personnes placées dans leur enfance actuellement utilisatrices de
services d’aide, les parcours de placement longs ou « sinueux » correspondent souvent
à des formes plus précaires d’hébergement lors de la vie adulte et à un usage plus fréquent
des services d’aide. Enfin, pour ces personnes anciennement placées, le premier
épisode de rue ne fait pas toujours suite à l’arrêt de la prise en charge, il a pu précéder
voire motiver le placement durant l’enfance ou bien avoir eu lieu (beaucoup) plus tard.},
	journal = {Economie et statistique},
	author = {Frechon, Isabelle and Marpsat, Maryse},
	month = sep,
	year = {2016},
	pages = {37--68},
	file = {Full Text PDF:/Users/elodielemaire/Zotero/storage/TXD4D4BU/Frechon et Marpsat - 2016 - Placement dans l'enfance et précarité de la situat.pdf:application/pdf},
}

@article{frechon_les_2013,
	title = {Les trajectoires de prise en charge par l'{Aide} sociale à l'enfance de jeunes ayant vécu un placement},
	issn = {0035-2985},
	url = {http://www.cairn.info/revue-francaise-des-affaires-sociales-2013-1-page-122.htm},
	abstract = {Cet article pr\&\#233;sente une analyse des trajectoires de jeunes pris en charge en protection de l\&\#8217;enfance, \&\#224; partir d\&\#8217;une \&\#233;tude sur dossiers administratifs r\&\#233;alis\&\#233;e en\&\#160;2007 aupr\&\#232;s d\&\#8217;une cohorte exhaustive d\&\#8217;enfants ayant connu au moins un placement au cours de l\&\#8217;enfance et/ou de l\&\#8217;adolescence. \&\#192; partir des 809 trajectoires individuelles reconstruites, on distingue six parcours types de prise en charge\&\#160;: des parcours longs en familles d\&\#8217;accueil\&\#160;; des parcours longs en collectif, avec ou sans retours en famille\&\#160;; des parcours de \&\#171;\&\#160;pr\&\#233;vention pr\&\#233;coce\&\#160;\&\#187;\&\#160;; des parcours d\&\#233;butant plus tard, au moment de l\&\#8217;adolescence (parcours mixtes de \&\#171;\&\#160;pr\&\#233;paration au placement\&\#160;\&\#187; et \&\#171;\&\#160;parcours tardifs\&\#160;\&\#187;). Cette typologie met notamment en \&\#233;vidence la diff\&\#233;renciation des parcours de prise en charge selon l\&\#8217;\&\#226;ge \&\#224; la premi\&\#232;re entr\&\#233;e, la situation familiale, les liens possibles avec la famille d\&\#8217;origine, les politiques d\&\#233;partementales et l\&\#8217;offre de prise en charge sur le territoire, et enfin selon les comportements des jeunes eux-m\&\#234;mes hors et dans le placement. On souhaite ainsi donner une description g\&\#233;n\&\#233;rale et quantitative de la diversit\&\#233; de la cat\&\#233;gorie des enfants plac\&\#233;s et de leurs trajectoires, compl\&\#233;ment indispensable \&\#224; une meilleure compr\&\#233;hension du devenir adulte de cette population.},
	language = {fr},
	number = {1},
	urldate = {2021-05-24},
	journal = {Revue francaise des affaires sociales},
	author = {Frechon, Isabelle and Robette, Nicolas},
	month = jul,
	year = {2013},
	note = {Publisher: La Documentation française},
	keywords = {lu},
	pages = {122--143},
	file = {Frechon et Robette - 2013 - Les trajectoires de prise en charge par l'Aide soc.pdf:/Users/elodielemaire/Zotero/storage/JZQPGGFJ/Frechon et Robette - 2013 - Les trajectoires de prise en charge par l'Aide soc.pdf:application/pdf},
}

@article{mouhot_devenir_2001,
	title = {Le devenir des enfants. {De} l'aide sociale à l'enfance},
	volume = {Vol. 13},
	issn = {1015-8154},
	url = {http://www.cairn.info/revue-devenir-2001-1-page-31.htm},
	abstract = {{\textless}titre{\textgreater}R\&\#233;sum\&\#233;{\textless}/titre{\textgreater}Etude de la situation actuelle de 49 jeunes majeurs (19 \&\#224; 34 ans) ayant quitt\&\#233; le service. Analyse des cons\&\#233;quences \&\#224; long terme des traumatismes subis, de l\&\#8217;\&\#233;volution de leurs images parentales ainsi que de leur insertion sociale et professionnelle. Contribution \&\#224; l\&\#8217;\&\#233;tude des \&\#233;tats-limites.},
	language = {fr},
	number = {1},
	urldate = {2021-05-24},
	journal = {Devenir},
	author = {Mouhot, Francis},
	year = {2001},
	note = {Publisher: Médecine \& Hygiène},
	pages = {31--66},
}

@article{helfter_prise_2010,
	title = {La prise en charge des mineurs isolés étrangers par l'{Aide} sociale à l'enfance},
	volume = {n° 160},
	issn = {0046-9459},
	url = {http://www.cairn.info/journal-informations-sociales-2010-4-page-124.htm},
	abstract = {{\textless}titre{\textgreater}R\&\#233;sum\&\#233;{\textless}/titre{\textgreater}\&\#192; la crois\&\#233;e des politiques d\&\#8217;immigration et de protection de l\&\#8217;enfance, la situation des mineurs isol\&\#233;s \&\#233;trangers (enfants de moins de 18 ans, de nationalit\&\#233; \&\#233;trang\&\#232;re et s\&\#233;par\&\#233;s de leurs parents ou repr\&\#233;sentants l\&\#233;gaux) pose question. L\&\#8217;accompagnement de ces enfants est marqu\&\#233; par des difficult\&\#233;s qui viennent concr\&\#232;tement entraver la prise en compte de leurs besoins, voire interroger la n\&\#233;cessit\&\#233; et la \&\#171;\&\#160;l\&\#233;gitimit\&\#233;\&\#160;\&\#187; de leur protection par les professionnels de l\&\#8217;Aide sociale \&\#224; l\&\#8217;enfance. La situation de ces enfants et les conditions actuelles de leur prise en charge soulignent les contradictions entre deux cat\&\#233;gories de politiques publiques sur le plan des principes comme des pratiques\&\#160;: politique d\&\#8217;immigration d\&\#8217;un c\&\#244;t\&\#233; dans une logique de contr\&\#244;le des flux migratoires et politique de protection de l\&\#8217;enfance de l\&\#8217;autre, dans une optique de protection et donc de d\&\#233;fense de l\&\#8217;int\&\#233;r\&\#234;t dit \&\#171;\&\#160;sup\&\#233;rieur\&\#160;\&\#187; de l\&\#8217;enfant.},
	language = {fr},
	number = {4},
	urldate = {2021-05-24},
	journal = {Informations sociales},
	author = {Helfter, Clémence},
	month = oct,
	year = {2010},
	note = {Publisher: Caisse nationale d'allocations familiales},
	keywords = {lu},
	pages = {124--132},
}

@incollection{boujut_soccuper_2017,
	title = {S'occuper des enfants, est-ce une question de genre ?},
	url = {https://hal.archives-ouvertes.fr/hal-02291121},
	abstract = {Ce texte a pour objectif de présenter les différents niveaux des inégalités de genre qui entrent en jeu dans un domaine où les relations de service organisent les échanges entre les professionnels et le public accueilli. À partir d’une étude sur les trajectoires de prise en charge d’enfants placés et de différents matériaux permettant d’observer les pratiques professionnelles dans le système de la protection de l’enfance, les auteurs mettent en évidence les conséquences d’une distribution fortement inégalitaire des rôles des hommes et des femmes dans les métiers de la protection de l’enfance ainsi que les mécanismes à l’oeuvre qui différencient l’orientation du public accueilli selon le sexe des enfants, les menant à réfléchir à la place du genre dans les pratiques professionnelles auprès de l’enfance protégée.},
	urldate = {2022-01-20},
	booktitle = {La prise en compte du genre en protection de l'enfance},
	publisher = {la documentation Française},
	author = {Boujut, Stéphanie and Frechon, Isabelle},
	editor = {Bolter, Flora},
	month = oct,
	year = {2017},
	keywords = {genre, protection de l'enfance},
	pages = {57--68},
	file = {HAL PDF Full Text:/Users/elodielemaire/Zotero/storage/NNGTNNJL/Boujut et Frechon - 2017 - S'OCCUPER DES ENFANTS, EST-CE UNE QUESTION DE GENR.pdf:application/pdf},
}

@article{boujut_egalites_2009,
	title = {Inégalités de genre en protection de l'enfance},
	url = {https://hal.archives-ouvertes.fr/hal-03373271},
	abstract = {Inégalités de genre en protection de l'enfance. Article paru dans RDSS (Revue de droit sanitaire et social) Novembre-Décembre 2009 {\textbar} N°6/2009},
	urldate = {2022-01-20},
	journal = {Revue de droit sanitaire et social},
	author = {Boujut, Stéphanie and Frechon, Isabelle},
	month = nov,
	year = {2009},
	note = {Publisher: Sirey, Dalloz},
	file = {HAL PDF Full Text:/Users/elodielemaire/Zotero/storage/DS9R8EK4/Boujut et Frechon - 2009 - Inégalités de genre en protection de l'enfance.pdf:application/pdf},
}

@book{robette_explorer_2011,
	address = {Paris},
	series = {Les collections du {CEPED}},
	title = {Explorer et décrire les parcours de vie: les typologies de trajectoires},
	isbn = {978-2-87762-184-7},
	shorttitle = {Explorer et décrire les parcours de vie},
	language = {fr},
	publisher = {CEPED},
	author = {Robette, Nicolas},
	year = {2011},
	file = {Robette - 2011 - Explorer et décrire les parcours de vie les typol.pdf:/Users/elodielemaire/Zotero/storage/A299EJ2I/Robette - 2011 - Explorer et décrire les parcours de vie les typol.pdf:application/pdf},
}

@article{neil_children_2019,
	title = {Children in care: {Where} do children entering care at different ages end up? {An} analysis of local authority administrative data},
	volume = {106},
	issn = {01907409},
	shorttitle = {Children in care},
	url = {https://linkinghub.elsevier.com/retrieve/pii/S0190740919303986},
	doi = {10.1016/j.childyouth.2019.104472},
	abstract = {Local authorities in England are required to routinely collect administrative data on children in care and crosssectional analyses of national data are published by central government. This paper explores the usefulness of undertaking a longitudinal analysis of these data at local authority level to determine the care pathways for children entering care, diﬀerentiating by age at entry. The sample consisted of 2208 children who entered care in one English local authority over a six-year period, and who were followed up for at least 2 years. A logistic regression model was ﬁtted to explore factors associated with children staying long term in care. Age at entry was a key determinant of where children ended up (return to a parent, special guardianship or residence order, adoption or staying long term in care). Only a minority of entrants (mainly those entering care in their middle years) remained in longer term care. For the vast majority of children, the ‘pre-care family context’ remains important as children will either return to parents or relatives or stay in touch with them. The ﬁndings are used to urge service planners to make full use of data on care entrants, especially age at entry, when deciding on the balance between the diﬀerent placement options needed, and the social work service delivery models.},
	language = {en},
	urldate = {2022-04-07},
	journal = {Children and Youth Services Review},
	author = {Neil, Elsbeth and Gitsels, Lisanne and Thoburn, June},
	month = nov,
	year = {2019},
	keywords = {lu},
	pages = {104472},
	file = {Neil et al. - 2019 - Children in care Where do children entering care .pdf:/Users/elodielemaire/Zotero/storage/9ZX3X6GR/Neil et al. - 2019 - Children in care Where do children entering care .pdf:application/pdf},
}

@phdthesis{guetat-calabrese_diriger_2021,
	address = {Paris},
	title = {Diriger une {Maison} d'enfants à caractère social: regard clinique sur la fonction de direction},
	shorttitle = {Diriger une {Maison} d'enfants à caractère social},
	abstract = {Depuis quelques années, les Maisons d'enfants à caractère social (MECS) viennent au-devant de la scène, quelquefois sous leurs aspects les moins avantageux, au gré de l'émotion soulevée par certains documentaires chocs. En même temps, plusieurs auteurs, chercheurs ou professionnels du champ de la protection de l'enfance, s'attachent à proposer des analyses qui prennent en considération le quotidien de ces institutions et leur réalité complexe. Tout en dressant un panorama de ces publications, l'auteure pose ici un regard clinique sur des manières d'habiter la fonction de direction de ce type d'institution. Dès les premières pages, nous sommes entraînés dans le vif du récit de la directrice qui a précédé l'auteure à la tête de la MECS qu'elle dirige elle-même aujourd'hui},
	language = {fre},
	school = {l'Harmattan},
	author = {Guetat-Calabrese, Narjès},
	year = {2021},
	note = {ISBN: 9782343225524
Series: Savoir \& formation},
}

@techreport{frechon_les_2009,
	title = {Les politiques sociales à l'égard des enfants en danger},
	author = {Frechon, Isabelle},
	year = {2009},
	file = {Politiques_pour_enfants_en_danger_Rapport_INED_2012.pdf:/Users/elodielemaire/Zotero/storage/5L5NFUHB/Politiques_pour_enfants_en_danger_Rapport_INED_2012.pdf:application/pdf},
}

@article{lacroix_violence_2021,
	series = {Documents de travail},
	title = {Violence sous protection. {Expériences} et parcours des jeunes récemment sortis de placement},
	url = {https://www.ined.fr/fr/publications/editions/document-travail/violence-sous-protection-experiences-et-parcours-des-jeunes-recemment-sortis-de-placement/},
	language = {fr},
	number = {263},
	urldate = {2022-04-07},
	journal = {Ined - Institut national d’études démographiques},
	author = {Lacroix, Isabelle and Chaïeb, Sarra and Dietrich-Ragon, Pascale and Frechon, Isabelle},
	year = {2021},
	pages = {38},
	file = {dt.2021.263.violence.institutionnelle.protection.enfance.fr.pdf:/Users/elodielemaire/Zotero/storage/4KI3SSQJ/dt.2021.263.violence.institutionnelle.protection.enfance.fr.pdf:application/pdf;Snapshot:/Users/elodielemaire/Zotero/storage/Q7A98L49/violence-sous-protection-experiences-et-parcours-des-jeunes-recemment-sortis-de-placement.html:text/html},
}

@article{cabannes_logement_nodate,
	title = {Le logement adapté, un tremplin vers le logement ordinaire - {Caractéristiques} et parcours résidentiels des personnes logées dans les foyers de jeunes travailleurs, les foyers de travailleurs migrants et les résidences sociales {\textbar} {Direction} de la recherche, des études, de l'évaluation et des statistiques},
	url = {https://drees.solidarites-sante.gouv.fr/publications/les-dossiers-de-la-drees/le-logement-adapte-un-tremplin-vers-le-logement-ordinaire},
	number = {81},
	urldate = {2022-04-07},
	journal = {Les dossiers de la DREES},
	author = {Cabannes, Pierre-Yves and Chauvin, Pierre-Antoine},
	file = {Cabannes et Chauvin - Le logement adapté, un tremplin vers le logement o.pdf:/Users/elodielemaire/Zotero/storage/VTSLA6BC/Cabannes et Chauvin - Le logement adapté, un tremplin vers le logement o.pdf:application/pdf},
}

@book{clair_sociologie_2012,
	address = {Paris},
	title = {Sociologie du genre},
	isbn = {978-2-200-28160-1},
	language = {French},
	publisher = {A. Colin},
	author = {Clair, Isabelle and Singly, Fran??ois de},
	year = {2012},
	note = {OCLC: 835446160},
	file = {Sociologie du genre by Isabelle Clair (z-lib.org).epub:/Users/elodielemaire/Zotero/storage/ZY8EE5N7/Sociologie du genre by Isabelle Clair (z-lib.org).epub:application/epub+zip},
}

@book{desrosieres_politique_2010,
	address = {Paris},
	title = {La politique des grands nombres: histoire de la raison statistique},
	isbn = {978-2-7071-6504-6},
	shorttitle = {La politique des grands nombres},
	language = {eng},
	publisher = {La Découverte/Poche},
	author = {Desrosières, Alain},
	year = {2010},
	file = {Desrosières - 2010 - La politique des grands nombres histoire de la ra.pdf:/Users/elodielemaire/Zotero/storage/4ZF6H2RL/Desrosières - 2010 - La politique des grands nombres histoire de la ra.pdf:application/pdf},
}

@techreport{drees_25_nodate,
	title = {25 - {Les} bénéficiaires et les dépenses de l'{Aide} sociale à l'enfance},
	institution = {DREES},
	author = {DREES},
	file = {DREES - 25 - Les bénéficiaires et les dépenses de l'Aide s.pdf:/Users/elodielemaire/Zotero/storage/BY48HU6Z/DREES - 25 - Les bénéficiaires et les dépenses de l'Aide s.pdf:application/pdf},
}

@techreport{drees_27_2020,
	title = {27 - {Les} mineurs et les jeunes majeurs accueillis à l'aide sociale à l'enfance},
	institution = {DREES},
	author = {DREES},
	year = {2020},
	file = {DREES - 2020 - 27 - Les mineurs et les jeunes majeurs accueillis .pdf:/Users/elodielemaire/Zotero/storage/KN5IHC9Q/DREES - 2020 - 27 - Les mineurs et les jeunes majeurs accueillis .pdf:application/pdf},
}

@techreport{drees_29_2020,
	title = {29 - {Les} caractéristiques des bénéficiaires de l'aide sociale à l'enfance},
	institution = {DREES},
	author = {DREES},
	year = {2020},
	file = {DREES - 2020 - 29 - Les caractéristiques des bénéficiaires de l'a.pdf:/Users/elodielemaire/Zotero/storage/V67UCCQY/DREES - 2020 - 29 - Les caractéristiques des bénéficiaires de l'a.pdf:application/pdf},
}

@techreport{drees_deuxieme_2022,
	title = {Deuxième rapport dédié au dispositif {Olinpe} ({Observation} longitudinale et nationale en protection de l'enfance)},
	institution = {ONPE},
	author = {DREES},
	year = {2022},
	file = {DREES - 2022 - Deuxième rapport dédié au dispositif Olinpe (Obser.pdf:/Users/elodielemaire/Zotero/storage/AX5PDSX9/DREES - 2022 - Deuxième rapport dédié au dispositif Olinpe (Obser.pdf:application/pdf},
}
