

@article{gallandAdolescencePostadolescenceJeunesse2001,
  title = {{Adolescence, post-adolescence, jeunesse : retour sur quelques interpr\'etations}},
  shorttitle = {{Adolescence, post-adolescence, jeunesse}},
  author = {Galland, Olivier},
  year = {2001},
  journal = {Revue fran\c{c}aise de sociologie},
  volume = {42},
  number = {4},
  pages = {611--640},
  publisher = {{Pers\'ee - Portail des revues scientifiques en SHS}},
  doi = {10.2307/3322734},
  abstract = {Olivier Galland : Adoleszenz, Postadoleszenz, Jugend : R\"uckblick auf einige Interpretationen. Adoleszenz, Postadoleszenz, Jugend : diese Begriffe werden oft unterscheidungslos zur Bezeichnung des Lebensabschnitts genommen, der zwischen Kindheit und Erwachsenenalter liegt. Die jeweilige Wortwahl f\"uhrt jedoch, manchmal implizit, zu unterschiedlichen soziologischen Auslegungen, die dieser Aufsatz zu erkl\"aren sucht. Zur Einleitung dieser Belegung wird ein Artikel von Parsons benutzt, der 1942 eine der ersten soziologischen Analysen der \guillemotleft youth culture \guillemotright{} vorschlug, indera er die Adoleszenz als eine Kultur der Verantwortungslosigkeit definierte. Sp\"atere wird bei Auftreten des Themas der \guillemotleft{} Postadoleszenz \guillemotright{} diese Auffassung fortgef\"uhrt. Sp\"atere Arbeiten schlagen im Gegenteil vor, Adoleszenz und Jugend radikal zu unterscheiden, wobei die Jugend als ein \guillemotleft{} neues Lebensalter \guillemotright{} definiert wird. Ein kritisches Nachlesen dieser letzten These f\"uhrt jedoch zu eine Revision in zwei wichtigen Punkten : einerseits ist die \guillemotleft{} Jugend \guillemotright, obwohl sie wie von Parsons definiert ein unterschiedlicher Lebensabschnitt ist, keine klar unterscheidbare Lebensphase von den ihr vorausgehenden und nachfolgenden Phasen, denn ihre Haupteigenschaft ist cher, einen \"Ubergang zwischen den Phasen herzustellen. Andererseits zeigen die seither durchgef\"uhrten Arbeiten zu internationalen Vergleichen, dass die kulturellen Voraussetzungen, wie die institutionellen Einrichtungen, die zur Organisation dieser Phase verhelfen, von einem Lande zum andern ausserordentliche Unterschiede aufweisen.},
  copyright = {free},
  langid = {fre},
  file = {/Users/elodielemaire/Zotero/storage/VVYC6DBS/rfsoc_0035-2969_2001_num_42_4_5391.html}
}



