
@article{frechon_les_2017,
	title = {Les mineurs isolés étrangers et les inégalités de prise en charge en protection de l’enfance en {France}},
	abstract = {This working document is the translation of an article published in the journal Social Work and Society which devotes two special issues to the theme of "Unaccompanied Minors in Europe". We present the situation of unaccompanied minors who, in France, are referred to as Unaccompanied Minors (UAM) or Unaccompanied foreign minors. Each article in the journal presents an OECD country and must follow the same format in order to allow international comparisons. This paper provides an overview of knowledge of the legal system for dealing with this population, the quantitative data available and the supporting arrangements. This paper reviews current research evidence on the response of social work services to unaccompanied minor and present some original analyses from the Etude Longitudinale sur l'accès à l'Autonomie des jeunes Placés (ELAP) conducted by INED and the Printemps research unit in seven departments in Ile-de-France and Nord Pas-de-Calais. Support during care and the ages at the end of placement are compared to other young people protected in France between the ages of 17 and 20.},
	language = {fr},
	journal = {Social Work},
	author = {Frechon, Isabelle},
	year = {2017},
	keywords = {lu},
	pages = {24},
	file = {Frechon - 2017 - Les mineurs isolés étrangers et les inégalités de .pdf:/Users/elodielemaire/Zotero/storage/6DNNCHNL/Frechon - 2017 - Les mineurs isolés étrangers et les inégalités de .pdf:application/pdf},
}

@inproceedings{marquet_les_2013,
	address = {Aix-en-Provence, France},
	title = {Les enfants protégés en {France}. {Différences} selon les politiques départementales de prise en charge},
	url = {https://hal.archives-ouvertes.fr/hal-02383909},
	urldate = {2021-06-01},
	booktitle = {{XVIe} colloque national de démographie},
	author = {Marquet, Lucy and Perron, Zoé and Frechon, Isabelle},
	month = may,
	year = {2013},
	keywords = {lu},
	file = {HAL PDF Full Text:/Users/elodielemaire/Zotero/storage/QGV7M2TG/Marquet et al. - 2013 - Les enfants protégés en France. Différences selon .pdf:application/pdf},
}

@article{frechon_impossible_2002,
	title = {L'impossible observation de l'enfance protégée en {France} ?},
	language = {fr},
	author = {Frechon, Isabelle},
	year = {2002},
	keywords = {lu},
	pages = {15},
	file = {Frechon - L'impossible observation de l'enfance protégée en .pdf:/Users/elodielemaire/Zotero/storage/SZ36N6UL/Frechon - L'impossible observation de l'enfance protégée en .pdf:application/pdf},
}

@article{helfter_construction_2010,
	title = {La construction des politiques d'action sociale au sein des départements},
	volume = {n° 162},
	issn = {0046-9459},
	url = {https://www.cairn.info/revue-informations-sociales-2010-6-page-86.htm},
	abstract = {{\textless}titre{\textgreater}R\&\#233;sum\&\#233;{\textless}/titre{\textgreater}Quelles sont les logiques qui animent les d\&\#233;partements en mati\&\#232;re d\&\#8217;action sociale\&\#160;? Si l\&\#8217;encadrement l\&\#233;gislatif semble jouer en faveur d\&\#8217;une homog\&\#233;n\&\#233;it\&\#233; des pratiques, cet article vise \&\#224; identifier les marges de man\&\#339;uvre des d\&\#233;partements. Il s\&\#8217;appuie sur une enqu\&\#234;te monographique men\&\#233;e dans trois d\&\#233;partements. Pour adapter au mieux leurs ressources en fonction des besoins, les d\&\#233;partements investigu\&\#233;s font \&\#233;tat d\&\#8217;une n\&\#233;cessit\&\#233; de connaissances sur leurs administr\&\#233;s, d\&\#8217;une part, et d\&\#8217;\&\#233;valuer leurs actions, d\&\#8217;autre part. Chefs de file de l\&\#8217;action sociale, les d\&\#233;partements ne peuvent assurer leurs missions sans le soutien d\&\#8217;autres acteurs associatifs et institutionnels, bien que les difficult\&\#233;s soient importantes pour animer un r\&\#233;seau partenarial. Dans cet article sont identifi\&\#233;s deux p\&\#244;les entre lesquels oscillent les d\&\#233;partements\&\#160;: la premi\&\#232;re est une posture dite \&\#171;\&\#160;proactive\&\#160;\&\#187;, laquelle permet de trouver dans la contrainte une source d\&\#8217;inspiration pour parvenir \&\#224; des solutions innovantes\&\#160;; la deuxi\&\#232;me est une posture plut\&\#244;t \&\#171;\&\#160;l\&\#233;galiste\&\#160;\&\#187; qui consiste \&\#224; se conformer, de la mani\&\#232;re la plus efficace possible, aux nombreuses injonctions qui entourent l\&\#8217;activit\&\#233; des d\&\#233;partements.},
	language = {fr},
	number = {6},
	urldate = {2021-05-29},
	journal = {Informations sociales},
	author = {Helfter, Clémence},
	year = {2010},
	note = {Publisher: Caisse nationale d'allocations familiales},
	keywords = {lu},
	pages = {86--91},
	file = {Full Text PDF:/Users/elodielemaire/Zotero/storage/XXW6NDSZ/Helfter - 2010 - La construction des politiques d'action sociale au.pdf:application/pdf},
}

@article{capelier_accompagnement_nodate,
	title = {L'accompagnement vers l'autonomie des jeunes sortant du dispositif de protection de l'enfance},
	author = {Capelier, Flore},
	file = {20141029_revue_de_litterature_autonomie.pdf:/Users/elodielemaire/Zotero/storage/23X5GSVQ/20141029_revue_de_litterature_autonomie.pdf:application/pdf},
}

@article{giraud_travail_2005,
	title = {Le travail psychosocial des enfants placés},
	volume = {Vol. 29},
	issn = {0378-7931},
	url = {https://www.cairn.info/revue-deviance-et-societe-2005-4-page-463.htm},
	abstract = {Cet article expose les r\&\#233;sultats d\&\#8217;une recherche dont l\&\#8217;objet a consist\&\#233; \&\#224; analyser les conditions de mise en \&\#339;uvre et le d\&\#233;roulement du placement administratif et judiciaire de \&\#171;\&\#160;mineurs en difficult\&\#233;\&\#187;. Il a pour objectif l\&\#8217;analyse sociologique des effets du placement sur la dynamique des liens familiaux. La d\&\#233;marche permet d\&\#8217;ouvrir une r\&\#233;flexion th\&\#233;orique sur les cons\&\#233;quences d\&\#8217;une transplantation qui peut aboutir, dans les cas o\&\#249; l\&\#8217;enfant demeure attach\&\#233; \&\#224; ses proches, \&\#224; une \&\#171;\&\#160;d\&\#233;territorialisation\&\#187; de soi. Il s\&\#8217;agit d\&\#8217;une forme singuli\&\#232;re de socialisation rep\&\#233;rable par un mal-\&\#234;tre psychique r\&\#233;current \&\#224; autrui et \&\#224; l\&\#8217;espace, qui se manifeste par une anxi\&\#233;t\&\#233; durable, des troubles r\&\#233;fractaires \&\#224; tout effort de rem\&\#233;diation. L\&\#8217;enfant plac\&\#233;, dans cet \&\#233;tat d\&\#8217;incertitude chronique, consacre l\&\#8217;essentiel de ses forces \&\#224; la qu\&\#234;te de liens et de lieux de vie improbables, et para\&\#238;t dans l\&\#8217;incapacit\&\#233; de fournir toute autre forme de travail.},
	language = {fr},
	number = {4},
	urldate = {2021-08-23},
	journal = {Deviance et Societe},
	author = {Giraud, Michel},
	year = {2005},
	note = {Bibliographie\_available: 1
Cairndomain: www.cairn.info
Cite Par\_available: 1
Publisher: Médecine \& Hygiène},
	pages = {463--485},
	file = {Full Text PDF:/Users/elodielemaire/Zotero/storage/U73PQZT9/Giraud - 2005 - Le travail psychosocial des enfants placés.pdf:application/pdf;Snapshot:/Users/elodielemaire/Zotero/storage/FG44UVR5/revue-deviance-et-societe-2005-4-page-463.html:text/html},
}

@book{potin_enfants_2012,
	title = {Enfants placés, déplacés, replacés : parcours en protection de l'enfance},
	isbn = {978-2-7492-3470-0},
	shorttitle = {Enfants placés, déplacés, replacés},
	abstract = {Que signifie protéger pour les institutions ? Que signifie être protégé pour un enfant placé ? À partir d'une quarantaine d'entretiens individuels et collectifs et de 350 dossiers de l'Aide sociale à l'enfance, l'auteur tente de répondre à ces questions en analysant les parcours de prise en charge dans le cadre de placements (enfants placés, déplacés, replacés). Dans ce livre attachant, l'auteur nous plonge dans un univers peu connu, celui des parcours d'enfants placés par l'aide sociale à l'enfance. Cette situation n'est pas rare en France puisque chaque année 140 000 enfants font l'objet d'une mesure de placement. Construit autour de récits recueillis auprès des familles d'origine, des familles d'accueil, des profes-sionnels de l'enfance (juges, travailleurs so-ciaux...) et surtout des enfants et adolescents concernés, cet ouvrage restitue la parole et la dignité de ceux qui sont l'objet de ces mesures. Émilie Potin est docteure en sociologie, ingénieure de recherche à l'université de Bretagne occidentale à Brest, membre de l'Atelier de recherche sociologique.},
	language = {fr},
	publisher = {Eres},
	author = {Potin, Émilie},
	month = jan,
	year = {2012},
	note = {Google-Books-ID: 7yK9BQAAQBAJ},
}

@article{potin_aide_2017,
	title = {Aide sociale à l’enfance : se construire comme adolescent. {Deux} récits, deux expériences de placement},
	volume = {125},
	copyright = {free},
	shorttitle = {Aide sociale à l’enfance},
	url = {https://www.persee.fr/doc/caf_2431-4501_2017_num_125_1_3242},
	doi = {10.3406/caf.2017.3242},
	abstract = {Grandir en dehors de sa famille n’est pas une situation ordinaire. En France, 1 \% des mineurs sont confiés à l’aide sociale à l’enfance par une mesure de placement. Pour autant, leur adolescence est-elle extraordinaire ? Quel est l’impact du placement sur les adolescents ? Comment ces derniers se saisissent-ils de la mesure de protection ? À partir d’une approche situant les logiques dominantes liées à la prise en charge des adolescents placés et d’une lecture centrée sur les récits d’expérience de deux adolescentes, l’objectif de cet article est de montrer les ressorts complexes de la construction adolescente et ses enjeux socioéducatifs dans le cadre contraint du système de protection de l’enfance.},
	language = {fre},
	number = {1},
	urldate = {2021-06-29},
	journal = {Revue des politiques sociales et familiales},
	author = {Potin, Émilie},
	year = {2017},
	note = {Publisher: Persée - Portail des revues scientifiques en SHS},
	pages = {45--56},
}

@article{dulin_prevenir_nodate,
	title = {Prévenir les ruptures dans les parcours en protection de l’enfance},
	language = {fr},
	author = {Dulin, Antoine},
	keywords = {lu},
	pages = {98},
	file = {Dulin - Prévenir les ruptures dans les parcours en protect.pdf:/Users/elodielemaire/Zotero/storage/652CY8SJ/Dulin - Prévenir les ruptures dans les parcours en protect.pdf:application/pdf},
}

@phdthesis{zogmal_les_2015,
	title = {Les processus d'observation et de catégorisation des enfants comme outil de travail dans les pratiques professionnelles des éducatrices et éducateurs de l'enfance},
	url = {https://archive-ouverte.unige.ch/unige:79060},
	abstract = {Cette recherche s'intéresse aux compétences professionnelles mobilisées par les éducatrices/-teurs de l'enfance pour construire des « connaissances » portant sur les enfants, leurs conduites, leurs compétences et leurs caractéristiques. L'émergence des processus d'observation et de catégorisation dans les pratiques réelles est analysée dans une perspective interactionnelle, à travers quatre axes : 1) L'ostension des processus d'observation et de catégorisation dans les interactions entre éducatrices et enfants ; 2) La dimension collective dans les interactions de l'équipe éducative ; 3) La dimension dynamique à travers l'analyse de deux trajectoires situées ; 4) L'acquisition et la transmission des processus étudiés. Ce travail met en évidence les phénomènes d'ostension et aborde comment les éducatrices/-teurs parlent de leurs observations et des catégorisations effectuées. L'ostension et la présomption d'une intentionnalité s'imbriquent dans un travail d'enquête pour s'ajuster aux enfants. En abordant la banalité des interactions quotidiennes, cette recherche éclaire l'accomplissement d'un travail éducatif.},
	language = {fre},
	urldate = {2021-06-05},
	school = {University of Geneva},
	author = {Zogmal, Marianne},
	year = {2015},
	doi = {10.13097/archive-ouverte/unige:79060},
	doi = {10.13097/archive-ouverte/unige:79060},
	file = {Full Text PDF:/Users/elodielemaire/Zotero/storage/9I27PYXE/Zogmal - 2015 - Les processus d&#039\;observation et de catégorisat.pdf:application/pdf},
}

@article{ravon_repenser_2009,
	title = {Repenser l'usure professionnelle des travailleurs sociaux},
	volume = {n° 152},
	issn = {0046-9459},
	url = {https://www.cairn.info/journal-informations-sociales-2009-2-page-60.htm},
	language = {fr},
	number = {2},
	urldate = {2021-06-05},
	journal = {Informations sociales},
	author = {Ravon, Bertrand},
	month = mar,
	year = {2009},
	note = {Publisher: Caisse nationale d'allocations familiales},
	pages = {60--68},
	file = {Full Text PDF:/Users/elodielemaire/Zotero/storage/BTAC5GH4/Ravon - 2009 - Repenser l'usure professionnelle des travailleurs .pdf:application/pdf;Snapshot:/Users/elodielemaire/Zotero/storage/5A9S8DF2/journal-informations-sociales-2009-2-page-60.html:text/html},
}

@phdthesis{molina_les_2015,
	type = {These de doctorat},
	title = {Les travailleurs sociaux, des groupes professionnels en transformation},
	copyright = {Licence Etalab},
	url = {https://www.theses.fr/2015EHES0055},
	abstract = {L'objet de la recherche porte sur une analyse des processus de professionnalisation de trois groupes professionnels « historiques » du travail social : assistant de service social, éducateur spécialisé, conseiller en économie sociale et familiale. Sont mises au jour des imbrications complexes entre intérêts collectifs et individuels des différents protagonistes. Ces processus rendent compte des recompositions professionnelles à l'œuvre mêlant trois niveaux d'analyse : de nouvelles régulations politiques, administratives et juridiques ; l'introduction de nouvelles logiques managériales au sein des organisations de travail ; et enfin le parcours biographique et professionnel de chaque individu. Depuis les années 1980, le secteur de l'action sociale et médico-sociale connaît des transformations dans un contexte socio-économique et politique lui-même en mutation, marqué par une crise économique durable et structurelle. Les années 2000 se présentent comme une étape majeure dans les transformations de la professionnalisation du secteur à travers des réformes d'ampleur. Au-delà de la codification des activités de travail et des compétences formalisées et standardisées dans des référentiels professionnels, elles visent des mobilités entre les groupes pour un exercice professionnel polyvalent au sein des organisations de travail. Il s'agit, en d'autres termes, de formes de décloisonnement professionnel qui privilégient la mission plutôt que le métier dans le contexte du Nouveau Management Public. Sont analysés dans la recherche, les rapports sociaux dans lesquels se jouent les segments et quels en sont les enjeux et symétriquement les zones de recouvrement.},
	urldate = {2021-06-05},
	school = {Paris, EHESS},
	author = {Molina, Yvette},
	collaborator = {Grelon, André},
	month = jan,
	year = {2015},
}

@article{guetat-calabrese_etre_2021,
	title = {Être directrice ou directeur d’une {MECS} ({Maison} d’{Enfants} à {Caractère} {Social})},
	volume = {N° 25},
	issn = {2100-0670},
	url = {https://www.cairn.info/revue-cliopsy-2021-1-page-31.htm},
	abstract = {L\&\#8217;auteure, directrice d\&\#8217;une maison d\&\#8217;enfants \&\#224; caract\&\#232;re social (MECS), a r\&\#233;alis\&\#233; une recherche dans le cadre d\&\#8217;une th\&\#232;se en Sciences de l\&\#8217;\&\#233;ducation et de la formation, \&\#224; propos de la fonction de direction d\&\#8217;une telle institution. Cet article rend compte de quelques-unes des hypoth\&\#232;ses issues de cette recherche \&\#224; partir de l\&\#8217;analyse des propos des deux directrices et deux directeurs qu\&\#8217;elle a interrog\&\#233;s. Ces hypoth\&\#232;ses portent sur la question du rapport au temps de ces directrices et directeurs et en particulier sur leur rapport aux limites. Pour approfondir cette question l\&\#8217;auteure a recours aux th\&\#233;orisations de Jean Cournut qui d\&\#233;veloppe les processus \&\#224; l\&\#8217;\&\#339;uvre chez des sujets qui ont une tendance aux exc\&\#232;s dans l\&\#8217;effacement des limites.},
	language = {fr},
	number = {1},
	urldate = {2021-06-05},
	journal = {Cliopsy},
	author = {Guetat-Calabrese, Narjès},
	month = may,
	year = {2021},
	note = {Publisher: Association Cliopsy},
	pages = {31--51},
	file = {Snapshot:/Users/elodielemaire/Zotero/storage/SJL2GQYZ/revue-cliopsy-2021-1-page-31.html:text/html},
}

@article{afquir_evolution_2008,
	title = {Évolution de la prise en charge des enfants en {MECS}},
	volume = {N° 2},
	issn = {0042-5605},
	url = {https://www.cairn.info/revue-vie-sociale-2008-2-page-37.htm},
	abstract = {Les m\&\#233;dias sp\&\#233;cialis\&\#233;s du champ socio-\&\#233;ducatif font \&\#233;tat de formes \&\#171;\&\#160;innovantes\&\#160;\&\#187; de prises en charge dans des maisons d\&\#8217;enfants \&\#224; caract\&\#232;re social. Comment les professionnels de ces internats \&\#233;ducatifs envisagent-ils l\&\#8217;\&\#233;volution des modalit\&\#233;s d\&\#8217;accueil dans ce secteur sp\&\#233;cifique de la suppl\&\#233;ance familiale. L\&\#8217;enqu\&\#234;te men\&\#233;e aupr\&\#232;s de 53 \&\#233;tablissements met en lumi\&\#232;re l\&\#8217;existence de modes d\&\#8217;accueil \&\#171;\&\#160;diff\&\#233;rents\&\#160;\&\#187; des pratiques habituelles associ\&\#233;es \&\#224; ce type d\&\#8217;\&\#233;tablissement. Loin des projecteurs, ces pratiques en cours depuis plusieurs ann\&\#233;es, sont anim\&\#233;es par la volont\&\#233; des professionnels qui les ont initi\&\#233;es d\&\#8217;accro\&\#238;tre l\&\#8217;implication des parents \&\#224; la prise en charge de leurs enfants plac\&\#233;s. Appara\&\#238;t ainsi le souci premier d\&\#8217;adapter les moyens institutionnels aux plus proches besoins de la situation familiale. L\&\#8217;action des \&\#233;quipes d\&\#8217;encadrement dans le d\&\#233;veloppement de mode d\&\#8217;accueils diff\&\#233;renci\&\#233;es s\&\#8217;av\&\#232;re d\&\#233;terminante pour impulser et accompagner de nouvelles pratiques professionnelles.},
	language = {fr},
	number = {2},
	urldate = {2021-06-05},
	journal = {Vie sociale},
	author = {Afquir, Abdel},
	year = {2008},
	note = {Publisher: Érès},
	keywords = {lu},
	pages = {37--43},
	file = {Full Text PDF:/Users/elodielemaire/Zotero/storage/VE982Q7B/Afquir - 2008 - Évolution de la prise en charge des enfants en MEC.pdf:application/pdf;Snapshot:/Users/elodielemaire/Zotero/storage/983F9A5C/revue-vie-sociale-2008-2-page-37.html:text/html},
}

@article{abassi_61_2020,
	title = {61 000 enfants, adolescents et jeunes majeurs hébergés fin 2017 dans les établissements de l'aide sociale à l'enfance},
	language = {fr},
	author = {Abassi, Elisa (DREES/OS)},
	year = {2020},
	pages = {23},
	file = {Abassi - 2020 - 61 000 enfants, adolescents et jeunes majeurs hébe.pdf:/Users/elodielemaire/Zotero/storage/85P35JKD/Abassi - 2020 - 61 000 enfants, adolescents et jeunes majeurs hébe.pdf:application/pdf},
}

@article{drieu_les_2013,
	title = {Les «jeunes incasables» en protection de l’enfance: l’impensé du genre dans les troubles et prises en charge},
	volume = {9},
	copyright = {Direitos de Autor (c)},
	issn = {1646-2335},
	shorttitle = {Les «jeunes incasables» en protection de l’enfance},
	url = {https://revistas.rcaap.pt/interaccoes/article/view/2850},
	doi = {10.25755/int.2850},
	language = {fr},
	number = {25},
	urldate = {2021-06-02},
	journal = {Interacções},
	author = {Drieu, Didier and Eeckeman, Emmanuelle and Plagès, Marie},
	month = jul,
	year = {2013},
	note = {Number: 25},
	file = {Full Text PDF:/Users/elodielemaire/Zotero/storage/TZQXCEKL/Drieu et al. - 2013 - Les «jeunes incasables» en protection de l’enfance.pdf:application/pdf},
}

@article{tourrilhes_construction_2006,
	title = {Construction sociale d’une jeunesse en difficulté},
	volume = {40},
	copyright = {free},
	url = {https://www.persee.fr/doc/agora_1268-5666_2006_num_40_1_2270},
	doi = {10.3406/agora.2006.2270},
	abstract = {Rahmen von Massnahmen zur Integration in die normale Arbeitswelt, die angeblich nur provisorisch sind. In ihrer Individualisierung erklärt die Integration den Jugendlichen als Akteur und einziger Verantwortlicher für sein eigenes Projekt und verstärkt somit die Verinnerlichung seines Misserfolges und disqualifiziert die Sozialarbeit in ihrer Funktion der Fürsorge. Missliche Abenteuer und abweichende Karrieren bilden sich dann als Bruch mit den Sozialarbeitern, selbst wenn man seltsamerweise bei einigen Jugendlichen eine Kapazität der Mobilisierung und der kollektiven Aktion, um ihre soziale und kulturelle Identität zu behaupten, beobachten kann. *},
	language = {fre},
	number = {1},
	urldate = {2021-06-02},
	journal = {Agora débats/jeunesses},
	author = {Tourrilhes, Catherine},
	year = {2006},
	note = {Publisher: Persée - Portail des revues scientifiques en SHS},
	pages = {108--119},
}

@article{tillard_itineraire_2009,
	title = {Itinéraire de place en place : l’exemple de {Kelly}},
	copyright = {Sociétés et jeunesses en difficulté est mis à disposition selon les termes de la licence Creative Commons Attribution - Pas d'Utilisation Commerciale - Pas de Modification 4.0 International.},
	issn = {1953-8375},
	shorttitle = {Itinéraire de place en place},
	url = {http://journals.openedition.org/sejed/6431},
	abstract = {Cet article expose les principaux résultats d’une étude portant sur les jeunes « incasables » à partir de l’étude du cas d’une jeune fille, plusieurs fois placée, ayant fréquenté 6 collèges et finalement en fugue. La perspective théorique tend à interroger les points de vue de la famille, de la jeune fille et de différents professionnels exerçant dans plusieurs institutions, afin de construire la connaissance selon les principes de l’étude de cas développés par Becker. Après avoir exposé le cadre et la méthodologie, la trajectoire de Kelly est présentée. Dans la suite de l’article, l’analyse des éléments de son parcours permet de présenter les points communs entre son cas et l’ensemble des résultats recueillis auprès des autres jeunes rencontrés.},
	language = {fr},
	number = {n°8},
	urldate = {2021-06-02},
	journal = {Sociétés et jeunesses en difficulté. Revue pluridisciplinaire de recherche},
	author = {Tillard, Bernadette and Lemoine, Maryan and Bruggeman, Delphine},
	month = nov,
	year = {2009},
	note = {Number: n°8
Publisher: École nationale de protection judiciaire de la jeunesse},
	file = {Full Text PDF:/Users/elodielemaire/Zotero/storage/FC268JZG/Tillard et al. - 2009 - Itinéraire de place en place  l’exemple de Kelly.pdf:application/pdf},
}

@article{robin_parcours_2013,
	title = {Parcours de vie des enfants et des jeunes relevant du dispositif de protection de l'enfance : les paradoxes d'une biographie sous injonction},
	volume = {n° 10},
	issn = {1763-718X},
	shorttitle = {Parcours de vie des enfants et des jeunes relevant du dispositif de protection de l'enfance},
	url = {https://www.cairn.info/revue-recherches-familiales-2013-1-page-91.htm},
	language = {fr},
	number = {1},
	urldate = {2021-06-02},
	journal = {Recherches familiales},
	author = {Robin, Pierrine and Séverac, Nadège},
	month = mar,
	year = {2013},
	note = {Publisher: Union nationale des associations familiales},
	pages = {91--102},
	file = {Full Text PDF:/Users/elodielemaire/Zotero/storage/7PDAXWLA/Robin et Séverac - 2013 - Parcours de vie des enfants et des jeunes relevant.pdf:application/pdf},
}

@article{potin_vivre_2009,
	title = {Vivre un parcours de placement. {Un} champ des possibles pour l’enfant, les parents et la famille d’accueil},
	copyright = {Sociétés et jeunesses en difficulté est mis à disposition selon les termes de la licence Creative Commons Attribution - Pas d'Utilisation Commerciale - Pas de Modification 4.0 International.},
	issn = {1953-8375},
	url = {http://journals.openedition.org/sejed/6428},
	abstract = {Les expériences vécues par l’enfant et par son entourage dans le cadre d’un placement à l’aide sociale à l’enfance sont diversifiées. Cet article vise à appréhender le parcours de prise en charge produit par un placement, et ses conséquences. Il s’agira de comprendre pourquoi, pour certains enfants, ce parcours aboutit à ce que Michel Giraud nomme « une déterritorialisation de soi » alors que, pour d’autres, il permet la construction d’une « parenté d’accueil », comme l’ont montré les travaux d’Anne Cadoret. Cet article invite plus largement à s’interroger sur les étapes ordinaires du parcours, les orientations qui en découlent et l’espace de projection ainsi ouvert sur l’avenir. Ce champ des possibles n’est pas à envisager seulement du point de vue de l’enfant mais aussi du point de vue des espaces et groupes sociaux qui se sont recomposés à partir du placement. Nous proposons d’axer notre démonstration sur la carrière morale de l’enfant, des parents et des familles d’accueil.},
	language = {fr},
	number = {n°8},
	urldate = {2021-06-02},
	journal = {Sociétés et jeunesses en difficulté. Revue pluridisciplinaire de recherche},
	author = {Potin, Emilie},
	month = nov,
	year = {2009},
	note = {Number: n°8
Publisher: École nationale de protection judiciaire de la jeunesse},
	keywords = {lu},
}

@article{potin_protection_2013,
	title = {Protection de l’enfance : parcours scolaires des enfants placés},
	volume = {112},
	copyright = {free},
	shorttitle = {Protection de l’enfance},
	url = {https://www.persee.fr/doc/caf_2101-8081_2013_num_112_1_2824},
	doi = {10.3406/caf.2013.2824},
	abstract = {La protection de l’enfant est tout d’abord physique à partir du retrait de l’enfant de son milieu d’origine quand un (risque de) danger pour l’enfant a été désigné. Elle est aussi sociale car il s’agit de doter l’enfant en ressources pour lui permettre d’affronter les risques futurs. Cette assurance pour l’avenir peut s’observer de différentes manières. Dans cet article, le choix s’est porté sur la scolarité des enfants placés. En mettant en perspective le parcours de placement et le parcours scolaire, il s’agit de mieux comprendre pour quelles raisons le placement est une ressource pour certains et pas pour d’autres.},
	language = {fre},
	number = {1},
	urldate = {2021-06-02},
	journal = {Revue des politiques sociales et familiales},
	author = {Potin, Émilie},
	year = {2013},
	note = {Publisher: Persée - Portail des revues scientifiques en SHS},
	pages = {89--100},
}

@article{havlicek_patterns_2010,
	title = {Patterns of {Movement} in {Foster} {Care}: {An} {Optimal} {Matching} {Analysis}},
	volume = {84},
	issn = {0037-7961},
	shorttitle = {Patterns of {Movement} in {Foster} {Care}},
	url = {https://www.jstor.org/stable/10.1086/656308},
	doi = {10.1086/656308},
	abstract = {Placement instability remains a vexing problem for child welfare agencies across the country. This study uses child welfare administrative data to retrospectively follow the entire placement histories (birth to age 17.5) of 474 foster youth who reached the age of majority in the state of Illinois and to search for patterns in their movement through the child welfare system. Patterns are identified through optimal matching and hierarchical cluster analyses. Multiple logistic regression is used to analyze administrative and survey data in order to examine covariates related to patterns. Five distinct patterns of movement are differentiated: Late Movers, Settled with Kin, Community Care, Institutionalized, and Early Entry. These patterns suggest high but variable rates of movement. Implications for child welfare policy and service provision are discussed.},
	number = {3},
	urldate = {2021-06-02},
	journal = {Social Service Review},
	author = {Havlicek, Judy},
	year = {2010},
	note = {Publisher: The University of Chicago Press},
	pages = {403--435},
	file = {Version acceptée:/Users/elodielemaire/Zotero/storage/DGKW8K4Z/Havlicek - 2010 - Patterns of Movement in Foster Care An Optimal Ma.pdf:application/pdf},
}

@book{ertul_les_2012,
	address = {Rennes},
	title = {Les parcours sociaux à l'épreuve des politiques publiques},
	isbn = {978-2-7535-1988-6},
	abstract = {L'introduction du livre indique : "Cet ouvrage a pour principal objectif de mieux identifier les effets des politiques publiques sur les parcours des individus qu'elles intègrent dans leur périmètre. L'analyse fine de plusieurs de ces politiques, mises en œuvre dans des domaines variés (immigration, emploi, éducation, santé, logement ...), et de leurs conséquences sociales, doit permettre de montrer de quelle manière elles infléchissent les projets de vie, de quelle manière leur transformation constitue une variable extrêmement prégnante dans les processus d'amélioration ou au contraire de dégradation des conditions de vie. L'État social, sans avoir disparu comme plusieurs textes le montrent avec précision, n'a-t-il pas cédé le pas à sa dimension coercitive? Le délaissement par l'État de l'action sociale a largement profité, nous semble-t-il, aux collectivités locales. Pour autant, leurs capacités d'intervention restent largement conditionnées par leur dotation budgétaire et leurs effectifs que le pouvoir exécutif n'a de cesse de vouloir restreindre. C'est en tenant compte de ce contexte de profonde reconfiguration du rôle de l'État et des collectivités territoriales, que les différentes contributions de cet ouvrage éclairent la façon dont certaines politiques publiques exercent une forte contrainte sur les individus concernés, rendant difficile la concrétisation de leur projet de vie, même si, ici où là, ces contributions soulignent les possibilités d'affirmation des individus. Autrement dit, il s'agira de comprendre en quoi elles peuvent être des contraintes réduisant les possibles ou à l'inverse faciliter leur projet singulier ..."},
	language = {French},
	publisher = {Presses universitaires de Rennes},
	editor = {Ertul, Servet and Melchior, Jean-Philippe and Warin, Philippe},
	year = {2012},
	note = {OCLC: 795457408},
}

@article{capelier_enjeux_2013,
	title = {Enjeux et particularités de la contractualisation en protection de l’enfance : l’exemple du projet pour l’enfant},
	copyright = {Sociétés et jeunesses en difficulté est mis à disposition selon les termes de la licence Creative Commons Attribution - Pas d'Utilisation Commerciale - Pas de Modification 4.0 International.},
	issn = {1953-8375},
	shorttitle = {Enjeux et particularités de la contractualisation en protection de l’enfance},
	url = {http://journals.openedition.org/sejed/7396},
	abstract = {La loi du 5 mars 2007 réformant la protection de l’enfance créé un projet pour l’enfant. Ce document s’inscrit dans un mouvement plus large de contractualisation de l’action sociale qui a pour principaux objectifs d’assurer une individualisation des prises en charge et la participation des usagers aux mesures qui les concernent. Dans ce cadre, le projet pour l’enfant doit permettre un accompagnement individualisé de l’enfant tout en assurant la participation des parents à la prise en charge chaque fois que cela s’avère possible. L’avènement de la contractualisation, et notamment du projet pour l’enfant, pose des problématiques juridiques nouvelles liées au sens et au contenu de ces documents.},
	language = {fr},
	number = {n°13},
	urldate = {2021-06-02},
	journal = {Sociétés et jeunesses en difficulté. Revue pluridisciplinaire de recherche},
	author = {Capelier, Flore},
	month = nov,
	year = {2013},
	note = {Number: n°13
Publisher: École nationale de protection judiciaire de la jeunesse},
	file = {Full Text PDF:/Users/elodielemaire/Zotero/storage/6VAQZZR8/Capelier - 2013 - Enjeux et particularités de la contractualisation .pdf:application/pdf},
}

@book{corbillon_enfant_1990,
	title = {L'enfant placé: de l'{Assistance} publique à l'{Aide} sociale à l'enfance},
	isbn = {978-2-11-002283-7},
	shorttitle = {L'enfant placé},
	language = {fr},
	publisher = {Ministère de la solidarité, de la santé et de la protection sociale},
	author = {Corbillon, Michel and sociale, de la santé et de la protection, France Ministère de la solidarité and Assailly, Jean-Pascal and Duyme, Michel},
	year = {1990},
	note = {Google-Books-ID: vS0oAQAAMAAJ},
	keywords = {lu},
}

@article{kammerer_aide_2020,
	title = {Aide sociale à l’enfance},
	volume = {N° 1266},
	issn = {0994-1819},
	url = {https://www.cairn.info/magazine-lien-social-2020-3-page-18.htm},
	language = {fr},
	number = {3},
	urldate = {2021-05-31},
	journal = {Lien Social},
	author = {Kammerer, Mariette and Frechon, Isabelle},
	year = {2020},
	note = {Publisher: Lien Social},
	pages = {18--24},
}

@book{thevenet_laide_2004,
	title = {L’aide sociale en {France}},
	isbn = {978-2-13-054480-7},
	url = {https://www.cairn.info/l-aide-sociale-en-france--9782130544807.htm},
	abstract = {L{\textbackslash}'aide sociale est la forme la plus ancienne de protection sociale. La décentralisation a transféré de nombreux pouvoirs aux régions. Cet ouvrage expose l{\textbackslash}'évolution de l{\textbackslash}'aide sociale en France.},
	language = {fr},
	urldate = {2021-05-31},
	author = {Thévenet, Amédée},
	year = {2004},
	note = {ISSN: 0768-0066},
}

@article{dietrich-ragon_quitter_2020,
	title = {Quitter l’{Aide} sociale à l’enfance},
	volume = {Vol. 75},
	issn = {0032-4663},
	url = {https://www.cairn.info/revue-population-2020-4-page-527.htm},
	language = {fr},
	number = {4},
	urldate = {2021-05-31},
	journal = {Population},
	author = {Dietrich-Ragon, Pascale},
	year = {2020},
	note = {Publisher: Institut national d'études démographiques},
	pages = {527--559},
	file = {Full Text PDF:/Users/elodielemaire/Zotero/storage/HGJ823NY/Dietrich-Ragon - 2020 - Quitter l’Aide sociale à l’enfance.pdf:application/pdf},
}

@book{verdier_aide_2013,
	title = {L'aide sociale à l'enfance},
	isbn = {978-2-10-059456-6},
	url = {https://www.cairn.info/aide-sociale-a-l-enfance--9782100594566.htm},
	abstract = {L’aide sociale à l’enfance concerne 400 000 enfants, soit environ un million et demi de personnes si, comme il se doit, on inclut les familles. Avec plus de 6,890 millions d’euros de coût annuel, elle est le principal poste de dépense des départements. Plus profondément, sur le plan humain, elle marque toujours durablement les personnes concernées. Le dispositif hérité de l’assistance publique a été considérablement modifié par les lois de décentralisation qui en ont confié la responsabilité aux départements, puis par une multitude de textes comme la convention des droits de l’enfant, les réformes de l’autorité parentale, de l’adoption, de la filiation, de l’accueil familial, de l’assistance éducative… En 2007, la réforme de la protection de l’enfance a défini les objectifs, initié des pratiques nouvelles et en a clarifié le fonctionnement et les articulations avec la protection judiciaire et les autres acteurs du secteur de l’enfance. Depuis, la réforme a été mise en oeuvre : d’autres textes sont venus modifier l’organisation même de l’initiative en matière de création de structures ou encore entériner les changements de fond des rapports humains et par conséquent la place de l’enfant. Cet ouvrage de référence est à jour des dernières modifications législatives et de la jurisprudence. Il constitue pour les administrations, les acteurs sociaux et les familles un outil indispensable.},
	language = {fr},
	urldate = {2021-05-31},
	publisher = {Dunod},
	author = {Verdier, Pierre and Noé, Fabienne},
	year = {2013},
	doi = {10.3917/dunod.verdi.2013.01},
	file = {2L_aide sociale à l_enfance _ Cairn.info.pdf:/Users/elodielemaire/Zotero/storage/QDQ2P94D/2L_aide sociale à l_enfance _ Cairn.info.pdf:application/pdf;3L_aide sociale à l_enfance _ Cairn.info.pdf:/Users/elodielemaire/Zotero/storage/AEWRTC6C/3L_aide sociale à l_enfance _ Cairn.info.pdf:application/pdf;4L_aide sociale à l_enfance _ Cairn.info.pdf:/Users/elodielemaire/Zotero/storage/PBHIA64K/4L_aide sociale à l_enfance _ Cairn.info.pdf:application/pdf;5L_aide sociale à l_enfance _ Cairn.info.pdf:/Users/elodielemaire/Zotero/storage/FXDWKSJX/5L_aide sociale à l_enfance _ Cairn.info.pdf:application/pdf;6L_aide sociale à l_enfance _ Cairn.info.pdf:/Users/elodielemaire/Zotero/storage/9T68MADG/6L_aide sociale à l_enfance _ Cairn.info.pdf:application/pdf;9L_aide sociale à l_enfance _ Cairn.info.pdf:/Users/elodielemaire/Zotero/storage/6TRSBXTM/9L_aide sociale à l_enfance _ Cairn.info.pdf:application/pdf;L_aide sociale à l_enfance _ Cairn.info.pdf:/Users/elodielemaire/Zotero/storage/P796KW6H/L_aide sociale à l_enfance _ Cairn.info.pdf:application/pdf},
}

@misc{escudie_projet_2016,
	title = {Projet pour l'enfant : un outil utile, mais perfectible},
	shorttitle = {Projet pour l'enfant},
	url = {https://www.banquedesterritoires.fr/projet-pour-lenfant-un-outil-utile-mais-perfectible},
	abstract = {L'ONPE (Observatoire national de la protection de l'enfance, rattaché à l'Observatoire national de l'enfance en danger - Oned) publie un rapport d'étude intitulé "Le projet pour l'enfant : état des lieux, enjeux organisationnels et pratiques". Le projet pour l'enfant (PPE) est l'une des principales…},
	language = {fr},
	urldate = {2021-05-29},
	journal = {Banque des Territoires},
	author = {Escudié, Jean-Noël},
	month = sep,
	year = {2016},
	file = {Snapshot:/Users/elodielemaire/Zotero/storage/XITSZDIX/projet-pour-lenfant-un-outil-utile-mais-perfectible.html:text/html},
}

@article{breugnot_les_2012,
	title = {Les innovations dans le champ de la protection de l'enfance},
	volume = {N° 57},
	issn = {1957-0341},
	url = {https://www.cairn.info/revue-la-nouvelle-revue-de-l-adaptation-et-de-la-scolarisation-2012-1-page-259.htm},
	abstract = {Issu d’une thèse relative à l’étude des « innovations socio-éducatives » en protection de l’enfance, l’article expose les résultats du croisement d’interrogations émanant d’une pratique de terrain en tant qu’assistante sociale et d’une précédente étude (Breugnot, Durning, 2001) relative à un état des lieux des recherches sur l’action éducative en milieu ouvert. Des entretiens ont été menés dans une trentaine de services auprès de différents membres de l’équipe éducative (directeur, responsables d’équipe, travailleurs sociaux…), et de personnes externes (magistrats, responsables de l’ASE…). À partir de l’analyse systématique réalisée à l’aide d’une grille centrée sur les intentions, le contexte, la mise en œuvre, les évolutions du dispositif, le regard des acteurs sur le projet et des éléments relatifs à l’évaluation des différents services, l’article propose une classification des innovations en cinq types principaux (le relais parental, l’accueil de jour familial, l’accueil de jour de l’enfant, l’accueil séquentiel, la prise en charge associant intervention à domicile et suppléance familiale) puis dégage les principales caractéristiques des innovations faisant l’objet d’un essaimage. Les conditions d’une appropriation des innovations par les acteurs concernés sont mises en avant, et l’on s’interroge sur les effets de la pression à l’efficacité dans des délais de mise en œuvre singulièrement raccourcis.},
	language = {fr},
	number = {1},
	urldate = {2021-05-29},
	journal = {La nouvelle revue de l'adaptation et de la scolarisation},
	author = {Breugnot, Pascale},
	year = {2012},
	note = {Publisher: I.N.S.H.E.A.},
	pages = {259--270},
}

@article{rousseau_devenir_2016,
	title = {Devenir à long terme de très jeunes enfants placés à l’{Aide} sociale à l’enfance},
	issn = {0035-2985},
	url = {https://www.cairn.info/revue-francaise-des-affaires-sociales-2016-1-page-343.htm},
	abstract = {La recherche Saint-Exup\&\#233;ry. 2011-2014 d\&\#233;crit le devenir sur 20 ans de 129 enfants ayant b\&\#233;n\&\#233;fici\&\#233;, avant l\&\#8217;\&\#226;ge de 4 ans, d\&\#8217;un placement dans un \&\#233;tablissement de l\&\#8217;Aide sociale \&\#224; l\&\#8217;enfance (ASE) du d\&\#233;partement de Maine-et-Loire (49). Les biographies exhaustives de ces enfants ont \&\#233;t\&\#233; reconstitu\&\#233;es depuis leur naissance jusqu\&\#8217;\&\#224; leur majorit\&\#233;. La morbidit\&\#233; personnelle \&\#224; l\&\#8217;admission est tr\&\#232;s forte (mauvais \&\#233;tat g\&\#233;n\&\#233;ral, souffrance psychique) dans un climat familial souvent tr\&\#232;s perturb\&\#233; (nombreux enfants plac\&\#233;s dans la fratrie, troubles psychiatriques parentaux). Tous les enfants progressent ensuite, mais en ordre dispers\&\#233;. Les enfants dont la gravit\&\#233; de l\&\#8217;\&\#233;tat \&\#224; l\&\#8217;admission est importante et pour lesquels les d\&\#233;cisions de placement ont \&\#233;t\&\#233; prises apr\&\#232;s un long d\&\#233;lai, progressent le moins bien. La recherche met en \&\#233;vidence plusieurs d\&\#233;terminants p\&\#233;joratifs du devenir, notamment la gravit\&\#233; et la dur\&\#233;e de l\&\#8217;exposition au risque. \&\#192; l\&\#8217;\&\#226;ge adulte, un quart des enfants conservent un handicap psychique et une inadaptation sociale et sont d\&\#233;pendants des prestations sociales. \&\#192; l\&\#8217;oppos\&\#233;, un autre quart \&\#233;volue favorablement\&\#160;; il s\&\#8217;agit d\&\#8217;enfants pris en charge suffisamment t\&\#244;t, avec des troubles somatiques et psychologiques encore r\&\#233;versibles. La recherche met aussi en \&\#233;vidence des facteurs protecteurs, notamment une prise en charge pr\&\#233;coce. Les \&\#233;volutions p\&\#233;joratives paraissent donc pouvoir \&\#234;tre r\&\#233;duites en am\&\#233;liorant le d\&\#233;pistage et en d\&\#233;veloppant cette prise en charge pr\&\#233;coce.},
	language = {fr},
	number = {1},
	urldate = {2021-05-29},
	journal = {Revue francaise des affaires sociales},
	author = {Rousseau, Daniel and Riquin, Élise and Rozé, Mireille and Duverger, Philippe and Saulnier, Patrick},
	month = jun,
	year = {2016},
	note = {Publisher: La Documentation française},
	pages = {343--374},
	file = {Snapshot:/Users/elodielemaire/Zotero/storage/GPC2L9DF/revue-francaise-des-affaires-sociales-2016-1-page-343.html:text/html},
}

@phdthesis{potin_enfants_2009,
	type = {These de doctorat},
	title = {Enfants en danger, enfants protégés, enfants sécurisés ? : parcours de (dé)placement(s) des enfants confiés à l'{Aide} sociale à l'enfance},
	copyright = {Licence Etalab},
	shorttitle = {Enfants en danger, enfants protégés, enfants sécurisés ?},
	url = {http://www.theses.fr/2009BRES1008},
	abstract = {Ce travail s’appuie sur l’examen de 350 dossiers de l’Aide Sociale à l’Enfance et sur la reconstitution de dix-huit trajectoires de placement à partir d’une quarantaine d’entretiens auprès de jeunes en cours de placement, de parents et de professionnels. Il s’agit de comprendre pourquoi et d’expliquer ce que produit le placement comme parcours de prise en charge et ses conséquences en terme de sécurité, pourquoi pour certains, il aboutit à ce que Michel Giraud (2005) nomme « une déterritorialisalion de soi » alors que pour d’autres, il permet la construction de nouveaux supports, d’une «parenté d’accueil» par exemple comme l’a montré Anne Cadoret (1995). S’appuyant sur le concept de configuration développé par Norbert Elias, deux niveaux d’analyse sont donc ici articulés mettre à jour les déterminants sociaux à partir des logiques de prises en charge et appréhender la diversité des parcours comme une résultante du jeu des acteurs à l’intérieur des contraintes sociales.},
	urldate = {2021-05-29},
	school = {Brest},
	author = {Potin, Émilie},
	collaborator = {Gautier, Arlette},
	month = jan,
	year = {2009},
}

@article{lallemand__1997,
	title = {A. {Cadoret}, {Parenté} plurielle. {Anthropologie} du placement familial},
	volume = {37},
	copyright = {free},
	url = {https://www.persee.fr/doc/hom_0439-4216_1997_num_37_142_370261},
	language = {fre},
	number = {142},
	urldate = {2021-05-29},
	journal = {Homme},
	author = {Lallemand, Suzanne},
	year = {1997},
	note = {Publisher: Persée - Portail des revues scientifiques en SHS},
	pages = {126--128},
	file = {Lallemand - 1997 - A. Cadoret, Parenté plurielle. Anthropologie du pl.pdf:/Users/elodielemaire/Zotero/storage/7TDHTZSC/Lallemand - 1997 - A. Cadoret, Parenté plurielle. Anthropologie du pl.pdf:application/pdf},
}

@article{potin_place_2014,
	title = {La place des enfants placés},
	volume = {N° 13},
	issn = {1951-0519},
	url = {http://www.cairn.info/revue-sens-dessous-2014-1-page-59.htm},
	language = {fr},
	number = {1},
	urldate = {2021-05-28},
	journal = {Sens-Dessous},
	author = {Potin, Émilie},
	year = {2014},
	note = {Publisher: Éditions de l'Association Paroles},
	keywords = {lu},
	pages = {59--70},
}

@article{frechon_en_2017,
	title = {en protection de l’enfance. {Lorsque} le passé dessine l’avenir},
	language = {fr},
	author = {Frechon, Isabelle and Breugnot, Pascale and Marquet, Lucy},
	year = {2017},
	pages = {27},
	file = {Frechon et al. - en protection de l’enfance. Lorsque le passé dessi.pdf:/Users/elodielemaire/Zotero/storage/HUWPBRB3/Frechon et al. - en protection de l’enfance. Lorsque le passé dessi.pdf:application/pdf},
}

@article{robin_les_2010,
	title = {Les dispositifs d’accompagnement à l’âge adulte des jeunes vulnérables : regards croisés {France}-{Allemagne} - {Persée}},
	url = {https://www.persee.fr/doc/caf_2101-8081_2010_num_102_1_2559},
	number = {102},
	urldate = {2021-05-24},
	journal = {Revue des politiques sociales et familiales},
	author = {Robin, Pierrine and Oehme, Andreas},
	year = {2010},
	pages = {65--78},
	file = {Les dispositifs d’accompagnement à l’âge adulte des jeunes vulnérables \: regards croisés France-Allemagne - Persée:/Users/elodielemaire/Zotero/storage/UZPDRY3F/caf_2101-8081_2010_num_102_1_2559.html:text/html},
}

@article{muniglia_parcours_2014,
	title = {Parcours de jeunes en grande difficulté : à l’interaction des logiques d’intervention professionnelles et des usages juvéniles de l’aide sociale},
	issn = {1703-9665},
	shorttitle = {Parcours de jeunes en grande difficulté},
	url = {http://id.erudit.org/iderudit/1021161ar},
	doi = {10.7202/1021161ar},
	abstract = {La configuration de la solidarité publique envers les jeunes en difficulté d’insertion en France, oscillant entre vision familialiste et injonction à l’insertion professionnelle, fragilise particulièrement les jeunes déjà vulnérables du fait de difficultés d’insertion associées à une absence de soutien familial. L’article explore la façon dont le caractère faiblement protecteur de la solidarité publique pour les jeunes entre 16 et 25 ans induit une interdépendance forte entre la négociation des identités individuelles et le rapport développé au système d’aide. Il montre en effet que les histoires de vie difficiles, les recompositions identitaires qu’elles génèrent ainsi que la nature du réseau relationnel sur lequel les jeunes peuvent s’appuyer conditionnent la façon dont ils expérimentent la situation de précarité tout comme leurs modalités de recours à l’aide. Il met également en lumière l’incidence sur la relation d’aide de la rencontre entre logiques d’intervention professionnelles et logiques d’usage des jeunes bénéficiaires.
          , 
            The various configurations of public solidarity with young people having trouble integrating into French society, oscillating as they do between a family-oriented perspective and calls for vocational integration, have a particularly destabilizing effect on youths already vulnerable due to integration problems stemming from a lack of family support. This paper explores the way the weakness of public solidarity with 16- to 25-year-olds leads to a strong interdependence between the negotiation of individual identities and the relationship that develops with the welfare system. It shows that hard lives, the blended identities they produce and the nature of the relational network where young people can find support all condition the way they experience their vulnerability and make use of available resources. It also highlights how the intersection between the professional logic of intervention and young beneficiaries’ logic of use of the system affects the helping relationship.},
	language = {fr},
	number = {70},
	urldate = {2021-05-24},
	journal = {Lien social et Politiques},
	author = {Muniglia, Virginie and Rothé, Céline},
	month = jan,
	year = {2014},
	pages = {153--169},
	file = {Muniglia et Rothé - 2014 - Parcours de jeunes en grande difficulté  à l’inte.pdf:/Users/elodielemaire/Zotero/storage/RY2LYQ32/Muniglia et Rothé - 2014 - Parcours de jeunes en grande difficulté  à l’inte.pdf:application/pdf},
}

@article{callu_etre_2006,
	title = {Etre placé… et après ?},
	volume = {n° 38},
	issn = {1276-3780},
	url = {https://www.cairn.info/article.php?ID_ARTICLE=LCD_038_0079},
	language = {fr},
	number = {2},
	urldate = {2021-05-24},
	journal = {Les Cahiers Dynamiques},
	author = {Callu, Élisabeth},
	year = {2006},
	note = {Publisher: Érès},
	pages = {79--81},
}

@incollection{firdion_placement_2010,
	title = {Le placement durant l'enfance et le risque d'exposition aux violences à l'âge adulte},
	abstract = {Ce chapitre étudie, à partir de l'enquête EVS, les liens entre les situations d'adversité vécues durant l'enfance, en particulier le placement en foyer collectif ou en famille d'accueil, et le risque d'avoir subi une agression au cours des deux années précédant l'enquête, tout en tenant compte des éléments du contexte présent. Avoir vécu des situations de précarité et de violence augmente significativement le risque d'avoir été placé. Dans le cas des hommes, le placement (en particulier en foyer collectif) constitue en lui-même un facteur de risque d'être exposé à des violences à l'âge adulte. Certaines caractéristiques socio-économiques à l'âge adulte comme l'insatisfaction au travail pour les hommes ou le fait d'occuper un emploi pour les femmes augmentent également le risque d'agressions physiques ou verbales récentes. Les femmes qui consomment des antidépresseurs déclarent également plus souvent avoir subi des violences. Ces résultats établissent donc un lien entre les violences subies récemment et le passé difficile des personnes, en pointant le risque que constituent les difficultés économiques dans la famille d'origine et le placement, ainsi que, à l'âge adulte, un milieu professionnel peu épanouissant. Contrairement à ce que l'on observe pour les personnes sans domicile ayant été placées durant leur enfance, les problèmes de santé de la mère n'ont pas d'effets significatifs sur le risque d'avoir été placé parmi les personnes « logées ». En revanche, pour les deux populations, les situations d'adversité durant l'enfance ont un effet semblable sur le risque d'avoir été placé et d'avoir subi des agressions récentes. Le placement durant l'enfance et le risque d'exposition aux violences à l'âge adulte Jean­Marie FIRDION et Isabelle PARIZOT},
	author = {Firdion, Jean-Marie and Parizot, Isabelle},
	month = jan,
	year = {2010},
	pages = {125--138},
	file = {Full Text PDF:/Users/elodielemaire/Zotero/storage/YD5PR7C9/Firdion et Parizot - 2010 - Le placement durant l'enfance et le risque d'expos.pdf:application/pdf},
}

@article{mainaud_echec_nodate,
	title = {Échec et retard scolaire des enfants hébergés par l’aide sociale à l’enfance},
	language = {fr},
	author = {Mainaud, Thierry},
	pages = {6},
	file = {Mainaud - Échec et retard scolaire des enfants hébergés par .pdf:/Users/elodielemaire/Zotero/storage/SI5QFMPR/Mainaud - Échec et retard scolaire des enfants hébergés par .pdf:application/pdf},
}

@article{frechon_placement_2016,
	title = {Placement dans l'enfance et précarité de la situation de logement},
	volume = {2016},
	doi = {10.3406/estat.2016.10710},
	abstract = {En France (et c’est le cas dans de nombreux pays occidentaux qui disposent d’un système
de protection de l’enfance), la proportion de personnes ayant été placées dans leur
enfance est relativement faible dans la population générale (de l’ordre de 2 à 3 \%) alors
qu’elle atteint 23 \% en 2012 parmi les utilisateurs des services d’aide (hébergement
temporaire et restauration gratuite), pour ceux nés en France.
Au sein des utilisateurs des services d’aide nés en France, ceux qui ont été placés dans
leur enfance sont plus jeunes (34 \% ont entre 18 et 29 ans contre 23 \% pour ceux qui
n’ont pas connu le placement) et plus souvent de sexe féminin (48 \% des anciens placés
sont des femmes contre 30 \% parmi ceux qui n’ont pas connu le placement).
Toujours au sein des utilisateurs de service d’aide, malgré une meilleure couverture
maladie, 36 \% de ceux qui ont été placés dans leur enfance déclarent un état de santé
mauvais ou très mauvais, soit deux fois plus que pour les autres (ceux qui n’ont pas
connu le placement). Ce mauvais état de santé remonte plus fréquemment à l’enfance
que pour les autres. Leur formation est plus courte (35 \% sont sans diplôme contre 29 \%
pour les autres) et leurs emplois plus précaires.
Au sein même des personnes placées dans leur enfance actuellement utilisatrices de
services d’aide, les parcours de placement longs ou « sinueux » correspondent souvent
à des formes plus précaires d’hébergement lors de la vie adulte et à un usage plus fréquent
des services d’aide. Enfin, pour ces personnes anciennement placées, le premier
épisode de rue ne fait pas toujours suite à l’arrêt de la prise en charge, il a pu précéder
voire motiver le placement durant l’enfance ou bien avoir eu lieu (beaucoup) plus tard.},
	journal = {Economie et statistique},
	author = {Frechon, Isabelle and Marpsat, Maryse},
	month = sep,
	year = {2016},
	pages = {37--68},
	file = {Full Text PDF:/Users/elodielemaire/Zotero/storage/TXD4D4BU/Frechon et Marpsat - 2016 - Placement dans l'enfance et précarité de la situat.pdf:application/pdf},
}

@article{frechon_les_2013,
	title = {Les trajectoires de prise en charge par l'{Aide} sociale à l'enfance de jeunes ayant vécu un placement},
	issn = {0035-2985},
	url = {http://www.cairn.info/revue-francaise-des-affaires-sociales-2013-1-page-122.htm},
	abstract = {Cet article pr\&\#233;sente une analyse des trajectoires de jeunes pris en charge en protection de l\&\#8217;enfance, \&\#224; partir d\&\#8217;une \&\#233;tude sur dossiers administratifs r\&\#233;alis\&\#233;e en\&\#160;2007 aupr\&\#232;s d\&\#8217;une cohorte exhaustive d\&\#8217;enfants ayant connu au moins un placement au cours de l\&\#8217;enfance et/ou de l\&\#8217;adolescence. \&\#192; partir des 809 trajectoires individuelles reconstruites, on distingue six parcours types de prise en charge\&\#160;: des parcours longs en familles d\&\#8217;accueil\&\#160;; des parcours longs en collectif, avec ou sans retours en famille\&\#160;; des parcours de \&\#171;\&\#160;pr\&\#233;vention pr\&\#233;coce\&\#160;\&\#187;\&\#160;; des parcours d\&\#233;butant plus tard, au moment de l\&\#8217;adolescence (parcours mixtes de \&\#171;\&\#160;pr\&\#233;paration au placement\&\#160;\&\#187; et \&\#171;\&\#160;parcours tardifs\&\#160;\&\#187;). Cette typologie met notamment en \&\#233;vidence la diff\&\#233;renciation des parcours de prise en charge selon l\&\#8217;\&\#226;ge \&\#224; la premi\&\#232;re entr\&\#233;e, la situation familiale, les liens possibles avec la famille d\&\#8217;origine, les politiques d\&\#233;partementales et l\&\#8217;offre de prise en charge sur le territoire, et enfin selon les comportements des jeunes eux-m\&\#234;mes hors et dans le placement. On souhaite ainsi donner une description g\&\#233;n\&\#233;rale et quantitative de la diversit\&\#233; de la cat\&\#233;gorie des enfants plac\&\#233;s et de leurs trajectoires, compl\&\#233;ment indispensable \&\#224; une meilleure compr\&\#233;hension du devenir adulte de cette population.},
	language = {fr},
	number = {1},
	urldate = {2021-05-24},
	journal = {Revue francaise des affaires sociales},
	author = {Frechon, Isabelle and Robette, Nicolas},
	month = jul,
	year = {2013},
	note = {Publisher: La Documentation française},
	keywords = {lu},
	pages = {122--143},
	file = {Frechon et Robette - 2013 - Les trajectoires de prise en charge par l'Aide soc.pdf:/Users/elodielemaire/Zotero/storage/JZQPGGFJ/Frechon et Robette - 2013 - Les trajectoires de prise en charge par l'Aide soc.pdf:application/pdf},
}

@article{mouhot_devenir_2001,
	title = {Le devenir des enfants. {De} l'aide sociale à l'enfance},
	volume = {Vol. 13},
	issn = {1015-8154},
	url = {http://www.cairn.info/revue-devenir-2001-1-page-31.htm},
	abstract = {{\textless}titre{\textgreater}R\&\#233;sum\&\#233;{\textless}/titre{\textgreater}Etude de la situation actuelle de 49 jeunes majeurs (19 \&\#224; 34 ans) ayant quitt\&\#233; le service. Analyse des cons\&\#233;quences \&\#224; long terme des traumatismes subis, de l\&\#8217;\&\#233;volution de leurs images parentales ainsi que de leur insertion sociale et professionnelle. Contribution \&\#224; l\&\#8217;\&\#233;tude des \&\#233;tats-limites.},
	language = {fr},
	number = {1},
	urldate = {2021-05-24},
	journal = {Devenir},
	author = {Mouhot, Francis},
	year = {2001},
	note = {Publisher: Médecine \& Hygiène},
	pages = {31--66},
}

@article{helfter_prise_2010,
	title = {La prise en charge des mineurs isolés étrangers par l'{Aide} sociale à l'enfance},
	volume = {n° 160},
	issn = {0046-9459},
	url = {http://www.cairn.info/journal-informations-sociales-2010-4-page-124.htm},
	abstract = {{\textless}titre{\textgreater}R\&\#233;sum\&\#233;{\textless}/titre{\textgreater}\&\#192; la crois\&\#233;e des politiques d\&\#8217;immigration et de protection de l\&\#8217;enfance, la situation des mineurs isol\&\#233;s \&\#233;trangers (enfants de moins de 18 ans, de nationalit\&\#233; \&\#233;trang\&\#232;re et s\&\#233;par\&\#233;s de leurs parents ou repr\&\#233;sentants l\&\#233;gaux) pose question. L\&\#8217;accompagnement de ces enfants est marqu\&\#233; par des difficult\&\#233;s qui viennent concr\&\#232;tement entraver la prise en compte de leurs besoins, voire interroger la n\&\#233;cessit\&\#233; et la \&\#171;\&\#160;l\&\#233;gitimit\&\#233;\&\#160;\&\#187; de leur protection par les professionnels de l\&\#8217;Aide sociale \&\#224; l\&\#8217;enfance. La situation de ces enfants et les conditions actuelles de leur prise en charge soulignent les contradictions entre deux cat\&\#233;gories de politiques publiques sur le plan des principes comme des pratiques\&\#160;: politique d\&\#8217;immigration d\&\#8217;un c\&\#244;t\&\#233; dans une logique de contr\&\#244;le des flux migratoires et politique de protection de l\&\#8217;enfance de l\&\#8217;autre, dans une optique de protection et donc de d\&\#233;fense de l\&\#8217;int\&\#233;r\&\#234;t dit \&\#171;\&\#160;sup\&\#233;rieur\&\#160;\&\#187; de l\&\#8217;enfant.},
	language = {fr},
	number = {4},
	urldate = {2021-05-24},
	journal = {Informations sociales},
	author = {Helfter, Clémence},
	month = oct,
	year = {2010},
	note = {Publisher: Caisse nationale d'allocations familiales},
	keywords = {lu},
	pages = {124--132},
}

@incollection{boujut_soccuper_2017,
	title = {S'occuper des enfants, est-ce une question de genre ?},
	url = {https://hal.archives-ouvertes.fr/hal-02291121},
	abstract = {Ce texte a pour objectif de présenter les différents niveaux des inégalités de genre qui entrent en jeu dans un domaine où les relations de service organisent les échanges entre les professionnels et le public accueilli. À partir d’une étude sur les trajectoires de prise en charge d’enfants placés et de différents matériaux permettant d’observer les pratiques professionnelles dans le système de la protection de l’enfance, les auteurs mettent en évidence les conséquences d’une distribution fortement inégalitaire des rôles des hommes et des femmes dans les métiers de la protection de l’enfance ainsi que les mécanismes à l’oeuvre qui différencient l’orientation du public accueilli selon le sexe des enfants, les menant à réfléchir à la place du genre dans les pratiques professionnelles auprès de l’enfance protégée.},
	urldate = {2022-01-20},
	booktitle = {La prise en compte du genre en protection de l'enfance},
	publisher = {la documentation Française},
	author = {Boujut, Stéphanie and Frechon, Isabelle},
	editor = {Bolter, Flora},
	month = oct,
	year = {2017},
	keywords = {genre, protection de l'enfance},
	pages = {57--68},
	file = {HAL PDF Full Text:/Users/elodielemaire/Zotero/storage/NNGTNNJL/Boujut et Frechon - 2017 - S'OCCUPER DES ENFANTS, EST-CE UNE QUESTION DE GENR.pdf:application/pdf},
}

@article{boujut_egalites_2009,
	title = {Inégalités de genre en protection de l'enfance},
	url = {https://hal.archives-ouvertes.fr/hal-03373271},
	abstract = {Inégalités de genre en protection de l'enfance. Article paru dans RDSS (Revue de droit sanitaire et social) Novembre-Décembre 2009 {\textbar} N°6/2009},
	urldate = {2022-01-20},
	journal = {Revue de droit sanitaire et social},
	author = {Boujut, Stéphanie and Frechon, Isabelle},
	month = nov,
	year = {2009},
	note = {Publisher: Sirey, Dalloz},
	file = {HAL PDF Full Text:/Users/elodielemaire/Zotero/storage/DS9R8EK4/Boujut et Frechon - 2009 - Inégalités de genre en protection de l'enfance.pdf:application/pdf},
}

@book{robette_explorer_2011,
	address = {Paris},
	series = {Les collections du {CEPED}},
	title = {Explorer et décrire les parcours de vie: les typologies de trajectoires},
	isbn = {978-2-87762-184-7},
	shorttitle = {Explorer et décrire les parcours de vie},
	language = {fr},
	publisher = {CEPED},
	author = {Robette, Nicolas},
	year = {2011},
	file = {Robette - 2011 - Explorer et décrire les parcours de vie les typol.pdf:/Users/elodielemaire/Zotero/storage/A299EJ2I/Robette - 2011 - Explorer et décrire les parcours de vie les typol.pdf:application/pdf},
}

@article{neil_children_2019,
	title = {Children in care: {Where} do children entering care at different ages end up? {An} analysis of local authority administrative data},
	volume = {106},
	issn = {01907409},
	shorttitle = {Children in care},
	url = {https://linkinghub.elsevier.com/retrieve/pii/S0190740919303986},
	doi = {10.1016/j.childyouth.2019.104472},
	abstract = {Local authorities in England are required to routinely collect administrative data on children in care and crosssectional analyses of national data are published by central government. This paper explores the usefulness of undertaking a longitudinal analysis of these data at local authority level to determine the care pathways for children entering care, diﬀerentiating by age at entry. The sample consisted of 2208 children who entered care in one English local authority over a six-year period, and who were followed up for at least 2 years. A logistic regression model was ﬁtted to explore factors associated with children staying long term in care. Age at entry was a key determinant of where children ended up (return to a parent, special guardianship or residence order, adoption or staying long term in care). Only a minority of entrants (mainly those entering care in their middle years) remained in longer term care. For the vast majority of children, the ‘pre-care family context’ remains important as children will either return to parents or relatives or stay in touch with them. The ﬁndings are used to urge service planners to make full use of data on care entrants, especially age at entry, when deciding on the balance between the diﬀerent placement options needed, and the social work service delivery models.},
	language = {en},
	urldate = {2022-04-07},
	journal = {Children and Youth Services Review},
	author = {Neil, Elsbeth and Gitsels, Lisanne and Thoburn, June},
	month = nov,
	year = {2019},
	keywords = {lu},
	pages = {104472},
	file = {Neil et al. - 2019 - Children in care Where do children entering care .pdf:/Users/elodielemaire/Zotero/storage/9ZX3X6GR/Neil et al. - 2019 - Children in care Where do children entering care .pdf:application/pdf},
}

@techreport{frechon_les_2009,
	title = {Les politiques sociales à l'égard des enfants en danger},
	author = {Frechon, Isabelle},
	year = {2009},
	file = {Politiques_pour_enfants_en_danger_Rapport_INED_2012.pdf:/Users/elodielemaire/Zotero/storage/5L5NFUHB/Politiques_pour_enfants_en_danger_Rapport_INED_2012.pdf:application/pdf},
}

@article{lacroix_violence_2021,
	series = {Documents de travail},
	title = {Violence sous protection. {Expériences} et parcours des jeunes récemment sortis de placement},
	url = {https://www.ined.fr/fr/publications/editions/document-travail/violence-sous-protection-experiences-et-parcours-des-jeunes-recemment-sortis-de-placement/},
	language = {fr},
	number = {263},
	urldate = {2022-04-07},
	journal = {Ined - Institut national d’études démographiques},
	author = {Lacroix, Isabelle and Chaïeb, Sarra and Dietrich-Ragon, Pascale and Frechon, Isabelle},
	year = {2021},
	pages = {38},
	file = {dt.2021.263.violence.institutionnelle.protection.enfance.fr.pdf:/Users/elodielemaire/Zotero/storage/4KI3SSQJ/dt.2021.263.violence.institutionnelle.protection.enfance.fr.pdf:application/pdf;Snapshot:/Users/elodielemaire/Zotero/storage/Q7A98L49/violence-sous-protection-experiences-et-parcours-des-jeunes-recemment-sortis-de-placement.html:text/html},
}

@article{cabannes_logement_nodate,
	title = {Le logement adapté, un tremplin vers le logement ordinaire - {Caractéristiques} et parcours résidentiels des personnes logées dans les foyers de jeunes travailleurs, les foyers de travailleurs migrants et les résidences sociales {\textbar} {Direction} de la recherche, des études, de l'évaluation et des statistiques},
	url = {https://drees.solidarites-sante.gouv.fr/publications/les-dossiers-de-la-drees/le-logement-adapte-un-tremplin-vers-le-logement-ordinaire},
	number = {81},
	urldate = {2022-04-07},
	journal = {Les dossiers de la DREES},
	author = {Cabannes, Pierre-Yves and Chauvin, Pierre-Antoine},
	file = {Cabannes et Chauvin - Le logement adapté, un tremplin vers le logement o.pdf:/Users/elodielemaire/Zotero/storage/VTSLA6BC/Cabannes et Chauvin - Le logement adapté, un tremplin vers le logement o.pdf:application/pdf},
}

@book{clair_sociologie_2012,
	address = {Paris},
	title = {Sociologie du genre},
	isbn = {978-2-200-28160-1},
	language = {French},
	publisher = {A. Colin},
	author = {Clair, Isabelle and Singly, Fran??ois de},
	year = {2012},
	note = {OCLC: 835446160},
	file = {Sociologie du genre by Isabelle Clair (z-lib.org).epub:/Users/elodielemaire/Zotero/storage/ZY8EE5N7/Sociologie du genre by Isabelle Clair (z-lib.org).epub:application/epub+zip},
}

@book{desrosieres_politique_2010,
	address = {Paris},
	title = {La politique des grands nombres: histoire de la raison statistique},
	isbn = {978-2-7071-6504-6},
	shorttitle = {La politique des grands nombres},
	language = {eng},
	publisher = {La Découverte/Poche},
	author = {Desrosières, Alain},
	year = {2010},
	file = {DEC_DESRO_2010_01_0026.pdf:/Users/elodielemaire/Zotero/storage/22MA2DS8/DEC_DESRO_2010_01_0026.pdf:application/pdf;DEC_DESRO_2010_01_0342.pdf:/Users/elodielemaire/Zotero/storage/3K22YE2H/DEC_DESRO_2010_01_0342.pdf:application/pdf;Desrosières - 2010 - La politique des grands nombres histoire de la ra.pdf:/Users/elodielemaire/Zotero/storage/4ZF6H2RL/Desrosières - 2010 - La politique des grands nombres histoire de la ra.pdf:application/pdf;intro.pdf:/Users/elodielemaire/Zotero/storage/DGHEBTGQ/intro.pdf:application/pdf},
}

@techreport{drees_25_nodate,
	title = {25 - {Les} bénéficiaires et les dépenses de l'{Aide} sociale à l'enfance},
	institution = {DREES},
	author = {DREES},
	file = {DREES - 25 - Les bénéficiaires et les dépenses de l'Aide s.pdf:/Users/elodielemaire/Zotero/storage/BY48HU6Z/DREES - 25 - Les bénéficiaires et les dépenses de l'Aide s.pdf:application/pdf},
}

@techreport{drees_27_2020,
	title = {27 - {Les} mineurs et les jeunes majeurs accueillis à l'aide sociale à l'enfance},
	institution = {DREES},
	author = {DREES},
	year = {2020},
	file = {DREES - 2020 - 27 - Les mineurs et les jeunes majeurs accueillis .pdf:/Users/elodielemaire/Zotero/storage/KN5IHC9Q/DREES - 2020 - 27 - Les mineurs et les jeunes majeurs accueillis .pdf:application/pdf},
}

@techreport{drees_29_2020,
	title = {29 - {Les} caractéristiques des bénéficiaires de l'aide sociale à l'enfance},
	institution = {DREES},
	author = {DREES},
	year = {2020},
	file = {DREES - 2020 - 29 - Les caractéristiques des bénéficiaires de l'a.pdf:/Users/elodielemaire/Zotero/storage/V67UCCQY/DREES - 2020 - 29 - Les caractéristiques des bénéficiaires de l'a.pdf:application/pdf},
}

@techreport{drees_deuxieme_2022,
	title = {Deuxième rapport dédié au dispositif {Olinpe} ({Observation} longitudinale et nationale en protection de l'enfance)},
	institution = {ONPE},
	author = {DREES},
	year = {2022},
	file = {DREES - 2022 - Deuxième rapport dédié au dispositif Olinpe (Obser.pdf:/Users/elodielemaire/Zotero/storage/AX5PDSX9/DREES - 2022 - Deuxième rapport dédié au dispositif Olinpe (Obser.pdf:application/pdf},
}

@article{cornet_service_2008,
	title = {Le service social sous le regard du genre},
	url = {https://www.academia.edu/33271159/Le_service_social_sous_le_regard_du_genre},
	abstract = {Le service social sous le regard du genre},
	language = {en},
	urldate = {2022-04-15},
	journal = {Politiques Sociales},
	author = {Cornet, Annie},
	month = jan,
	year = {2008},
	file = {Cornet - 2008 - Le service social sous le regard du genre.pdf:/Users/elodielemaire/Zotero/storage/2I8ZX7QY/Cornet - 2008 - Le service social sous le regard du genre.pdf:application/pdf},
}

@book{chapponnais_placer_2009,
	title = {Placer l’enfant en institution spécialisée},
	isbn = {978-2-10-051650-6},
	url = {https://www.cairn.info/placer-l-enfant-en-institution-specialisee--9782100516506.htm},
	abstract = {Le placement des enfants a fait l’objet de vives critiques. Tout se passe parfois comme si la famille biologique était idéale, fût-elle maltraitante, et comme si l’enfant n’avait pas à être protégé de ses propres parents. La montée en puissance du familialisme et de la parentalité, à l’heure où la cellule famililale connaît une crise sans précédent, renforce cette méfiance à l’égard des lieux de placements. Il a pourtant toujours existé des lieux de placement soucieux du maintien des liens. Entre deux postures, se substituer et suppléer, faut-il choisir ou bien opter pour la complémentarité de l’une et de l’autre ? La modernisation des pratiques passe-t-elle, comme on l’entend, par un assouplissement des modes d’accueil ? Jusqu’où cette souplesse doit-elle s’exercer pour conserver au placement le caractère protecteur de l’enfant ? Un ouvrage destiné aux professionnels des institutions à caractère social, ainsi qu’à toutes les personnes engagées dans la protection de l’enfance.},
	language = {fr},
	urldate = {2022-04-28},
	publisher = {Dunod},
	author = {Chapponnais, Michel},
	year = {2009},
	doi = {10.3917/dunod.chapp.2009.01},
	note = {Cairndomain: www.cairn.info},
}

@book{touya_travailler_2020,
	title = {Travailler en {MECS}},
	isbn = {978-2-10-078833-0},
	url = {https://www.cairn.info/travailler-en-mecs--9782100788330.htm},
	abstract = {Malgré leur adaptabilité, nombre de MECS traversent des périodes difficiles et s’interrogent sur leur identité, notamment à cause de l’hétérogénéité des populations accueillies, de l’augmentation des jeunes présentant des troubles psychiques, des phénomènes de violence, de la difficulté à faire vivre des collectifs harmonieux. Il appartient aux associations gestionnaires et aux professionnels de donner du sens à un quotidien souvent bouleversé, dans le cadre des mutations générées par les politiques publiques, et de penser les métiers dans les établissements et les modes opératoires.Face à la diversité des politiques départementales de protection de l’enfance, à la confirmation de la pression budgétaire due notamment aux difficultés financières de nombreux conseils généraux mais aussi aux interrogations de ces décideurs sur la performance des accompagnements, il est urgent d’exister face aux pouvoirs publics par un clair positionnement politique et technique. Cet ouvrage contribue à cette refondation politique, technique, clinique et éthique, nécessaire pour assurer une légitimité aux établissements dans leur dialogue avec les élus et les instances de contrôle et de tarification.},
	language = {fr},
	urldate = {2022-04-28},
	author = {Touya, Noël and Batifoulier, Francis},
	year = {2020},
	note = {Cairndomain: www.cairn.info},
	file = {Snapshot:/Users/elodielemaire/Zotero/storage/4CZ2EWAE/travailler-en-mecs--9782100788330.html:text/html},
}

@article{vinel_enfants_2020,
	title = {Enfants acteurs, enfants agis},
	copyright = {Les contenus de la Revue des sciences sociales sont mis à disposition selon les termes de la Licence Creative Commons Attribution - Pas d’Utilisation Commerciale - Partage dans les Mêmes Conditions 4.0 International.},
	issn = {1623-6572},
	url = {http://journals.openedition.org/revss/4752},
	doi = {10.4000/revss.4752},
	abstract = {La grande variabilité des conceptions de l’enfance, des activités des enfants et des relations adultes/enfants dans l’histoire et à travers les sociétés, met les sciences sociales devant un débat complexe relatif à la manière d’aborder épistémologiquement et méthodologiquement les enfants et l’enfance. Alors que les paradigmes de développement et de socialisation ont dominé les recherches en sciences humaines au cours du xxe siècle, ils ont été discutés dès les années 1980-1990 par d’autres a...},
	language = {fr},
	number = {63},
	urldate = {2022-05-07},
	journal = {Revue des sciences sociales},
	author = {Vinel, Virginie and Zaltron, Francesca},
	month = jun,
	year = {2020},
	note = {ISBN: 9791034400539
Number: 63
Publisher: Presses universitaires de Strasbourg},
	pages = {12--25},
	file = {Full Text PDF:/Users/elodielemaire/Zotero/storage/CCAM4HVE/Vinel et Zaltron - 2020 - Enfants acteurs, enfants agis.pdf:application/pdf},
}

@article{euillet_parents_2008,
	title = {Des parents en quête de parentalité},
	copyright = {Sociétés et jeunesses en difficulté est mis à disposition selon les termes de la licence Creative Commons Attribution - Pas d'Utilisation Commerciale - Pas de Modification 4.0 International.},
	issn = {1953-8375},
	url = {http://journals.openedition.org/sejed/2703},
	abstract = {Depuis une décennie, la notion de parentalité a fait son entrée sur la scène publique et sociale et elle est à présent utilisée dans de nombreux domaines, comme celui de la protection de l’enfance. Ainsi, les situations d’accueil familial d’enfants sont à présent lues par les professionnels au regard de la notion de parentalité avec les définitions et les représentations qui lui sont associées. Qu’en est-il de l’identité parentale des parents dont l’enfant est ainsi accueilli dans une famille autre que la leur ? Une recherche menée auprès de 24 parents met en exergue leur sentiment d’être dévalorisés et leur souffrance d’avoir l’impression d’être de mauvais parents. Même si 65 \% d’entre eux disent bien s’entendre avec les intervenants sociaux, à peine 40 \% pensent que ces derniers les estiment comme de bons parents. La souffrance au niveau de l’identité parentale éprouvée par les parents est en lien avec la sensation d’être perçu de façon négative par les intervenants sociaux, ce qui entache la relation parents/professionnels et freine considérablement une éventuelle dynamique de soutien à la parentalité.},
	language = {fr},
	number = {n°5},
	urldate = {2022-05-07},
	journal = {Sociétés et jeunesses en difficulté. Revue pluridisciplinaire de recherche},
	author = {Euillet, Séverine and Zaouche-Gaudron, Chantal},
	month = jul,
	year = {2008},
	note = {Number: n°5
Publisher: École nationale de protection judiciaire de la jeunesse},
	file = {Full Text PDF:/Users/elodielemaire/Zotero/storage/VUQ7UFBI/Euillet et Zaouche-Gaudron - 2008 - Des parents en quête de parentalité.pdf:application/pdf},
}

@article{bouyx_autorite_2003,
	title = {Autorité parentale et {Aide} sociale à l'enfance},
	volume = {22},
	issn = {1286-5559},
	url = {http://www.cairn.info/revue-enfances-et-psy-2003-2-page-38.htm},
	abstract = {{\textless}titre{\textgreater}R\&\#233;sum\&\#233;{\textless}/titre{\textgreater} Les cons\&\#233;quences sur les pratiques de la loi du 4 mars 2002, en particulier en ce qui concerne la d\&\#233;l\&\#233;gation d\&\#8217;autorit\&\#233; parentale (dap). Une information et des pistes de r\&\#233;flexion pour les professionnels.},
	language = {fr},
	number = {2},
	urldate = {2022-05-07},
	journal = {Enfances Psy},
	author = {Bouyx, Annie and Vogelweith, Alain},
	year = {2003},
	note = {Bibliographie\_available: 0
Cairndomain: www.cairn.info
Cite Par\_available: 0
Publisher: Érès},
	pages = {38--44},
	file = {Full Text PDF:/Users/elodielemaire/Zotero/storage/HEZD76KQ/Bouyx et Vogelweith - 2003 - Autorité parentale et Aide sociale à l'enfance.pdf:application/pdf},
}

@incollection{mauger_francois_2017,
	address = {Paris},
	series = {Lire les sciences sociales},
	title = {François de {Singly}, {Sociologie} de la famille contemporaine},
	isbn = {978-2-7351-1954-7},
	url = {http://books.openedition.org/editionsmsh/6946},
	urldate = {2022-05-07},
	booktitle = {Lire les sciences sociales. {Volume} 4/ 1997-2004},
	publisher = {Éditions de la Maison des sciences de l’homme},
	author = {Mauger, Gérard},
	editor = {Pinto, Louis},
	month = mar,
	year = {2017},
	note = {Code: Lire les sciences sociales. Volume 4/ 1997-2004},
	keywords = {lu},
	pages = {181--192},
}

@book{segalen_sociologie_2013,
	title = {Sociologie de la famille},
	isbn = {978-2-200-28601-9},
	url = {http://www.cairn.info/sociologie-de-la-famille--9782200286019.htm},
	abstract = {Peu d’institutions sont à la fois aussi explorées et mal connues que la famille. Celle-ci fait l’objet d’un discours politique et médiatique qui se renouvelle sans cesse, sans jamais s’épuiser ; chacun de nous est tenté par ailleurs de juger de la famille à partir de la connaissance intime, mais nécessairement partielle, voire partiale qu’il en a… Cette huitième édition, dont Martine Segalen a partagé la rédaction avec Agnès Martial, spécialiste des questions de genre et de parenté contemporaine, est largement refondue. Tout en conservant les développements sur l’histoire de la famille qui ont aujourd’hui toute leur importance, l’ouvrage intègre nombre de nouveaux débats concernant la place de l’institution familiale dans le champ social, en relation avec les phénomènes de crise, de chômage et de migration. Il donne un large écho aux discussions relatives au « mariage pour tous », comme aux nouvelles techniques et aux nouvelles pratiques qui transforment profondément le champ de la filiation. À l’aide de données statistiques remises à jour, il compare l’évolution respective de la situation de l’institution familiale dans le cadre européen. S’appuyant sur un ensemble de travaux neufs, grandes enquêtes longitudinales ou travaux plus pointus d’anthropologie, la huitième édition de ce classique sur le sujet offre au lecteur une vision renouvelée du champ familial.},
	language = {fr},
	urldate = {2022-05-07},
	publisher = {Armand Colin},
	author = {Segalen, Martine and Martial, Agnès},
	year = {2013},
	doi = {10.3917/arco.segal.2013.01},
	note = {Cairndomain: www.cairn.info},
	keywords = {lu},
}

@article{schultheis_affaires_1997,
	title = {Affaires de famille et raison d'État: {Les} enjeux privés et publics dans l'invention d'un nouveau type de risque : le « risque familial »},
	volume = {5},
	issn = {1262-2966, 2104-404X},
	shorttitle = {Affaires de famille et raison d'État},
	url = {http://www.cairn.info/revue-societes-et-representations-1997-2-page-225.htm},
	doi = {10.3917/sr.005.0225},
	language = {fr},
	number = {2},
	urldate = {2022-05-07},
	journal = {Sociétés \& Représentations},
	author = {Schultheis, Franz},
	year = {1997},
	keywords = {lu},
	pages = {225},
	file = {Schultheis - 1997 - Affaires de famille et raison d'État Les enjeux p.pdf:/Users/elodielemaire/Zotero/storage/LJBBHDG2/Schultheis - 1997 - Affaires de famille et raison d'État Les enjeux p.pdf:application/pdf},
}

@book{chenut_les_2018,
	title = {Les {MECS} au cœur des évolutions de la protection de l'enfance},
	isbn = {978-2-7492-5768-6},
	url = {http://www.cairn.info/les-mecs-au-coeur-des-evolutions-de-la-protection--9782749257686.htm},
	abstract = {Les auteurs parlent des réalités auxquelles sont confrontés quotidiennement les professionnels travaillant dans les MECS, maisons d’enfants à caractère social, pour en tirer enseignement et perspectives de travail. Ici, on visite les ateliers plutôt que la vitrine, dans un parti pris d’humilité et d’humanité qui n’empêche pas l’énoncé de convictions fortes. Délaissant les discours parfois lénifiants sur « les établissements tels qu’ils devraient être », des usagers, chercheurs et professionnels engagés questionnent leur exercice professionnel à partir « des établissements tels qu’ils sont » et témoignent qu’en dépit de nombreux écueils, structurels et conjoncturels, les MECS arrivent encore à innover et à aider, familles, enfants, adolescents et jeunes adultes, à trouver leur chemin au milieu des broussailles. On retrouve en filigrane le changement de paradigme intervenu tout au long de l’évolution des MECS, notamment dans le rapport à l’usager et à sa famille où l’on est passé du « faire sans » au « faire avec », et tout récemment au « faire ensemble ».},
	language = {fr},
	urldate = {2022-05-07},
	author = {Chenut, Martial},
	year = {2018},
	note = {Cairndomain: www.cairn.info},
}

@article{stettinger_toward_2014,
	title = {Toward a renewed sociological approach regarding \&\#8220;poor children\&\#8221;},
	volume = {5},
	issn = {2108-8845},
	url = {http://www.cairn.info/revue-sociologie-2014-4-page-441.htm},
	abstract = {L\&\#8217;article pr\&\#233;sente et critique un corpus de travaux sociologiques traitant des \&\#171;\&\#160;enfants pauvres\&\#160;\&\#187; en France, \&\#224; la lumi\&\#232;re des travaux \&\#233;labor\&\#233;s sous la banni\&\#232;re d\&\#8217;une \&\#171;\&\#160;sociologie de l\&\#8217;enfance\&\#160;\&\#187;. Les travaux sur les enfants en situation de pauvret\&\#233; se sont multipli\&\#233;s en France au d\&\#233;but des ann\&\#233;es 1990, r\&\#233;unis autour de la th\&\#233;matique des \&\#171;\&\#160;enfants pauvres\&\#160;\&\#187;. Nous cherchons \&\#224; en expliquer la gen\&\#232;se r\&\#233;cente et son actualit\&\#233;. Si leur int\&\#233;r\&\#234;t est ind\&\#233;niable, ces travaux pr\&\#233;sentent \&\#224; notre avis des limites\&\#160;: ils tendent \&\#224; faire dispara\&\#238;tre l\&\#8217;enfant derri\&\#232;re l\&\#8217;adulte en devenir, se centrant quasi exclusivement sur sa condition de pauvret\&\#233;, ce qui a pour corollaire d\&\#8217;occulter de nombreux aspects de la vie de ces enfants. Une lecture critique de ces textes, r\&\#233;v\&\#233;lant leurs points aveugles, ouvre la voie \&\#224; une approche sociologique renouvel\&\#233;e de l\&\#8217;enfance en situation de pauvret\&\#233;.},
	language = {fr},
	number = {4},
	urldate = {2022-05-07},
	journal = {Sociologie},
	author = {Stettinger, Vanessa},
	year = {2014},
	note = {Bibliographie\_available: 1
Cairndomain: www.cairn.info
Cite Par\_available: 0
Publisher: Presses Universitaires de France},
	pages = {441--453},
	file = {Full Text PDF:/Users/elodielemaire/Zotero/storage/53ATUP9I/Stettinger - 2014 - Toward a renewed sociological approach regarding &.pdf:application/pdf},
}

@book{renaut_liberation_2002,
	address = {Paris},
	title = {La libération des enfants: contribution philosophique à une histoire de l'enfance},
	isbn = {978-2-227-47080-4},
	shorttitle = {La libération des enfants},
	publisher = {Calmann-Lévy : Bayard},
	author = {Renaut, Alain},
	year = {2002},
	keywords = {lu},
}

@book{andre_sociologie_2013,
	address = {Quebec},
	title = {Une {Sociologie} {Historique} de {L}'enfance.},
	isbn = {978-2-7637-9531-7},
	url = {https://public.ebookcentral.proquest.com/choice/publicfullrecord.aspx?p=5514502},
	language = {French},
	urldate = {2022-05-07},
	publisher = {Les Presses de l'Université Laval},
	author = {André, Turmel},
	year = {2013},
	note = {OCLC: 1054065234},
	keywords = {lu},
}

@book{esping-andersen_les_2007,
	title = {Les trois mondes de l'État-providence},
	isbn = {978-2-13-055916-0},
	url = {http://www.cairn.info/les-trois-mondes-de-l-etat-providence--9782130559160.htm},
	abstract = {Peu de débats dans les sciences sociales contemporaines ont retenu autant l{\textbackslash}'attention que le changement de nature de l{\textbackslash}'État-providence dans les sociétés occidentales. G. Esping-Andersen est l{\textbackslash}'un des meilleurs spécialistes de ce sujet. Il apporte dans ce livre — qui est aujourd{\textbackslash}'hui considéré comme un classique — une analyse originale de la forme et du rôle de l{\textbackslash}'État-providence dans le fonctionnement des sociétés occidentales contemporaines. Esping-Andersen distingue plusieurs types d{\textbackslash}'États-providence en reliant chacun d{\textbackslash}'entre eux à l{\textbackslash}'histoire du développement économique, social et politique des principaux pays occidentaux. Selon lui, les processus économiques qui conduisent à un ordre social post-industriel ne sont pas déterminés par les forces autonomes du marché, mais bien par la nature des États et leurs différences. Richement documenté par des matériaux comparatifs et complété par un épilogue spécialement écrit pour l{\textbackslash}'édition française, ce livre fournit des clés d{\textbackslash}'analyse à tous ceux qui réfléchissent sur les problèmes du développement et se préoccupent de l{\textbackslash}'avenir des sociétés post-industrielles. Il constitue en cela une référence incontournable pour les étudiants, les enseignants et les chercheurs en sociologie, économie et science politique.},
	language = {fr},
	urldate = {2022-05-07},
	publisher = {Presses Universitaires de France},
	author = {Esping-Andersen, Gøsta},
	year = {2007},
	doi = {10.3917/puf.espin.2007.01},
	note = {Cairndomain: www.cairn.info
ISSN: 1285-3097},
	file = {PUF_ESPIN_2007_01_0015.pdf:/Users/elodielemaire/Zotero/storage/S3MTGLUH/PUF_ESPIN_2007_01_0015.pdf:application/pdf;PUF_ESPIN_2007_01_0021.pdf:/Users/elodielemaire/Zotero/storage/5CT72ZCM/PUF_ESPIN_2007_01_0021.pdf:application/pdf;PUF_ESPIN_2007_01_0051.pdf:/Users/elodielemaire/Zotero/storage/7FPGM9KU/PUF_ESPIN_2007_01_0051.pdf:application/pdf;PUF_ESPIN_2007_01_0075.pdf:/Users/elodielemaire/Zotero/storage/JAL8EWNG/PUF_ESPIN_2007_01_0075.pdf:application/pdf},
}

@article{esping-andersen_3_2007,
	title = {3. {L}’État-providence comme système de stratification},
	volume = {2},
	issn = {1285-3097},
	url = {http://www.cairn.info/les-trois-mondes-de-l-etat-providence--9782130559160-page-75.htm},
	language = {fr},
	urldate = {2022-05-07},
	journal = {Le Lien social},
	author = {Esping-Andersen, Gøsta},
	year = {2007},
	note = {Bibliographie\_available: 0
Cairndomain: www.cairn.info
Cite Par\_available: 0
ISBN: 9782130559160
Publisher: Presses Universitaires de France},
	pages = {75--100},
	file = {Snapshot:/Users/elodielemaire/Zotero/storage/7I3ZHN3E/les-trois-mondes-de-l-etat-providence--9782130559160-page-75.html:text/html},
}

@book{velde_soutenir_2012,
	title = {Soutenir l’autonomie des jeunes majeurs : puissance et impuissance du politique},
	isbn = {978-2-35371-290-8},
	shorttitle = {Soutenir l’autonomie des jeunes majeurs},
	url = {http://www.cairn.info/politiques-de-jeunesse-le-grand-malentendu--9782353712908-page-53.htm},
	language = {fr},
	urldate = {2022-05-08},
	publisher = {Champ social},
	author = {Velde, Cécile Van de},
	year = {2012},
	note = {Bibliographie\_available: 0
Cairndomain: www.cairn.info
Cite Par\_available: 0
Pages: 53-64
Publication Title: Politiques de jeunesse : le grand malentendu},
}

@book{crozier_acteur_2014,
	address = {Paris},
	edition = {Réimpr},
	series = {Collection {Points} {Série} {Essais}},
	title = {L' acteur et le systéme: les contraintes de l'action collective},
	isbn = {978-2-7578-4115-0},
	shorttitle = {L' acteur et le systéme},
	language = {fre},
	number = {248},
	publisher = {Éd. du Seuil},
	author = {Crozier, Michel and Friedberg, Erhard},
	year = {2014},
}

@book{noauthor_empan_nodate,
	title = {Empan 2012/1 (n° 85)},
	isbn = {978-2-7492-1617-1},
	url = {http://www.cairn.info/revue-empan-2012-1.htm},
	abstract = {Les maisons d'enfants à caractère social : entre histoire et mutations},
	language = {fr},
	urldate = {2022-05-09},
	note = {Cairndomain: www.cairn.info
ISSN: 1152-3336},
	file = {Snapshot:/Users/elodielemaire/Zotero/storage/UJWWQG3W/revue-empan-2012-1.html:text/html},
}

@article{guy_home_2016,
	title = {Home for young persons in care in children’s homes},
	volume = {72},
	issn = {1286-5559},
	url = {https://www.cairn.info/article.php?ID_ARTICLE=EP_072_0071},
	abstract = {Les Maisons d’enfants à caractère social sont des établissements relevant du secteur social et médico-social accueillant des mineurs placés par l’Aide sociale à l’enfance ou la Protection judiciaire de la jeunesse. Alors que le terme « maison » est présent dans le nom de ces établissements, ils ont la particularité d’être des espaces de résidence institutionnels et non familiaux. La polysémie du terme « maison » est alors utilisée par les équipes éducatives pour gommer le caractère institutionnel de l’établissement ou, au contraire, l’accentuer. Le rôle de la mecs dans l’appropriation affective de l’espace par les adolescents se pense alors en complémentarité avec d’autres espaces, dont le domicile familial. La situation de placement invite ainsi à penser l’appropriation conjointe de plusieurs « maisons » par les adolescents.},
	language = {fr},
	number = {4},
	urldate = {2022-05-09},
	journal = {Enfances Psy},
	author = {Guy, Fleur},
	year = {2016},
	note = {Bibliographie\_available: 1
Cairndomain: www.cairn.info
Cite Par\_available: 0
Publisher: Érès},
	pages = {71--82},
	file = {Full Text PDF:/Users/elodielemaire/Zotero/storage/FTZ6FZDN/Guy - 2016 - Home for young persons in care in children’s homes.pdf:application/pdf},
}

@article{chobeaux_mois_2021,
	title = {Un mois en {MECS}},
	volume = {150},
	issn = {0396-8669},
	url = {https://www.cairn.info/article.php?ID_ARTICLE=VST_150_0097},
	abstract = {Apr\&\#232;s un\&\#160;mois pass\&\#233; comme \&\#233;ducateur dans un foyer de placement de mineurs, l\&\#8217;auteur interroge le sens de ce type de placement au-del\&\#224; de la s\&\#233;paration familiale. Il appara\&\#238;t que si les fonctions de base de l\&\#8217;accueil et de la protection sont satisfaites, l\&\#8217;ensemble de l\&\#8217;organisation de l\&\#8217;institution ne permet pas \&\#224; ces enfants d\&\#8217;\&\#234;tre r\&\#233;ellement pris en compte et en charge tels qu\&\#8217;ils sont, et est de fait une entrave \&\#224; leur d\&\#233;veloppement potentiel.},
	language = {fr},
	number = {2},
	urldate = {2022-05-09},
	journal = {VST - Vie sociale et traitements},
	author = {Chobeaux, François},
	month = may,
	year = {2021},
	note = {Bibliographie\_available: 0
Cairndomain: www.cairn.info
Cite Par\_available: 0
Publisher: Érès},
	pages = {97--100},
}

@misc{tourret_les_2014,
	title = {Les {Maisons} d'enfant à caractère social face à l'innovation},
	author = {Tourret, Martine},
	year = {2014},
}

@misc{noauthor_cours_nodate,
	title = {Cours - {Sociologie} de l'action publique - {Sociologie} de l'{Action} {Publique} 2018-2019 ({S2}) {Objectif} de},
	url = {https://www.studocu.com/fr/document/universite-devry-val-dessonne/sociologie-de-laction-publique/cours-sociologie-de-laction-publique/10441819},
	abstract = {Tu peux partager des résumés, notes de cours et de préparation d'examens, et plus encore, gratuitement !},
	language = {fr},
	urldate = {2022-05-09},
	journal = {StuDocu},
}

@article{chevallier_regulatory_2004,
	title = {The {Regulatory} {State}},
	volume = {111},
	issn = {0152-7401},
	url = {http://www.cairn.info/revue-francaise-d-administration-publique-2004-3-page-473.htm},
	abstract = {The \&\#8220;regulatory state\&\#8221; is at one and the same time a principle of social cohesion, the keystone of social development, an arbitrator in the economic game, and the expression of a newstate model.The figure of the regulatory statereactivatesthefounding principle at the heart of the institution of the state.Although it implies a redefinition of the role of the state, in no way does it means a return to the liberal state of the past\&\#160;: the regulatory state remains the socially active state it became with the building of the Welfare state. And although the economy remains its primary area of action, the rationale of regulation transforms in depth the architecture of the state, working its way into traditional modes of organisation and action.},
	language = {fr},
	number = {3},
	urldate = {2022-05-09},
	journal = {Revue francaise d'administration publique},
	author = {Chevallier, Jacques},
	year = {2004},
	note = {Bibliographie\_available: 1
Cairndomain: www.cairn.info
Cite Par\_available: 1
Publisher: Institut national du service public},
	pages = {473--482},
	file = {Full Text PDF:/Users/elodielemaire/Zotero/storage/MGNZTVRN/Chevallier - 2004 - The Regulatory State.pdf:application/pdf},
}

@incollection{javeau_problematisation_2015,
	address = {Rennes},
	series = {Le sens social},
	title = {La problématisation de l’enfance, des enfants et de l’enfant dans la société dite « du risque »},
	isbn = {978-2-7535-3762-0},
	url = {http://books.openedition.org/pur/12557},
	urldate = {2022-05-09},
	booktitle = {Éléments pour une sociologie de l'enfance},
	publisher = {Presses universitaires de Rennes},
	author = {Javeau, Claude},
	editor = {Sirota, Régine},
	month = jul,
	year = {2015},
	note = {Code: Éléments pour une sociologie de l'enfance},
	keywords = {compétence sociale, enfant, politique sociale de l'enfance, sociologie de l'éducation, sociologie de l'enfance},
	pages = {297--306},
}

@book{croff_massacre_2018,
	title = {Le massacre des {Innocents}: les oubli??s de la {R}??publique},
	isbn = {978-1-71783-465-2},
	shorttitle = {Le massacre des {Innocents}},
	language = {French},
	author = {Cr??off, Mich??le and Laborde, Fran??oise},
	year = {2018},
	note = {OCLC: 1085065722},
}

@book{thery_demariage_1993,
	title = {Le {Démariage}},
	isbn = {978-2-7381-0209-6},
	url = {http://www.cairn.info/le-demariage--9782738102096.htm},
	abstract = {Où en est le divorce en France ? Comment la justice le règle-t-elle dans les cas difficiles ? Le juge ne peut plus invoquer les modèles traditionnels. En l{\textbackslash}'absence de repères, ce sont les experts, les « psy », qui ménagent leurs conseils et affichent leurs certitudes. Par delà le divorce, ces difficultés révèlent les impasses d{\textbackslash}'une pensée qui ne voit plus dans la loi commune que l{\textbackslash}'ennemie de la liberté de chacun. Pour protéger la vie privée, n{\textbackslash}'est-ce pas la loi qu{\textbackslash}'il faut réinventer.},
	language = {fr},
	urldate = {2022-05-11},
	publisher = {Odile Jacob},
	author = {Théry, Irène},
	year = {1993},
	note = {Cairndomain: www.cairn.info},
	file = {Snapshot:/Users/elodielemaire/Zotero/storage/SBV8K82N/le-demariage--9782738102096.html:text/html},
}

@book{singly_sociologie_2017,
	address = {Malakoff},
	edition = {6e éd},
	series = {128},
	title = {Sociologie de la famille contemporaine},
	isbn = {978-2-200-61804-9},
	abstract = {Depuis la fin du XIXe siècle, la famille s'est transformée en permettant à chacun de ses membres d'avoir une identité de plus en plus personnelle, reconnue par ses proches, et dans une ambiance idéalement affective. Schématiquement les changements se sont déroulés en deux temps.Lors de la première modernité jusqu'aux années 1960, se sont imposés l'évidence du mariage amoureux, une grande division du travail entre les sexes, le repli sur le bonheur familial, et le soutien de l'État-providence.Avec la seconde modernité, sont apparus le droit au divorce et à la séparation, l'apparition de nouvelles formes familiales, le succès des normes psychologiques, le processus d'individualisation de la femme et de l'enfant, le déclin de la norme hétérosexuelle. En conséquence, des tensions naissent entre les exigences du maintien de la vie commune et celles de la défense de soi pour chacun de ses membres. Dans cette 6e édition, revue et refondue, de cet ouvrage, sont décrites les manières dont la famille est réinventée},
	language = {fre},
	publisher = {Armand Colin},
	author = {Singly, François de},
	year = {2017},
}

@article{durkheim_famille_1921,
	title = {La famille conjugale},
	number = {90},
	journal = {Revue philosophique},
	author = {Durkheim, Émile},
	year = {1921},
	pages = {9--14},
}

@article{lignier_ce_2021,
	title = {Ce que les enfants font des institutions et inversement},
	volume = {13},
	issn = {2555-6266},
	url = {http://www.cairn.info/revue-deliberee-2021-2-page-11.htm},
	language = {fr},
	number = {2},
	urldate = {2022-05-25},
	journal = {Deliberee},
	author = {Lignier, Wilfried and Vuattoux, Arthur and Johnstone, Elsa},
	month = jul,
	year = {2021},
	note = {Bibliographie\_available: 0
Cairndomain: www.cairn.info
Cite Par\_available: 0
Publisher: La Découverte},
	pages = {11--17},
	file = {Full Text PDF:/Users/elodielemaire/Zotero/storage/3QNM5JHY/Lignier et al. - 2021 - Ce que les enfants font des institutions et invers.pdf:application/pdf},
}

@article{lignier_social_2012,
	title = {The {Social} {Differentiation} of {Children}},
	volume = {99},
	issn = {0295-2319},
	url = {http://www.cairn.info/revue-politix-2012-3-page-9.htm},
	abstract = {{\textless}titre{\textgreater}R\&\#233;sum\&\#233;{\textless}/titre{\textgreater}Les sciences sociales ne constituent pas des sciences \&\#171;\&\#160;habituelles\&\#160;\&\#187; de l\&\#8217;enfance, par comparaison avec les sciences cliniques et m\&\#233;dicales en particulier. Pourtant, elles peuvent apporter beaucoup \&\#224; la compr\&\#233;hension du jeune \&\#226;ge, autour des notions d\&\#8217;historicisation de l\&\#8217;enfance, de socialisation primaire ou encore de diff\&\#233;renciation sociale des enfants. Cette derni\&\#232;re entr\&\#233;e est ici privil\&\#233;gi\&\#233;e, sachant qu\&\#8217;elle a l\&\#8217;avantage de ne pas exclure les deux autres\&\#160;\&\#8211; on parlera ainsi d\&\#8217;historicisation et de socialisation diff\&\#233;renci\&\#233;es. Nous insistons sur trois mani\&\#232;res distinctes d\&\#8217;aborder la diff\&\#233;renciation des enfants\&\#160;: par la diff\&\#233;renciation \&\#171;\&\#160;concr\&\#232;te\&\#160;\&\#187; des enfances, par l\&\#8217;identification diff\&\#233;rentielle des enfants, par les perceptions enfantines des diff\&\#233;rences sociales. Nous \&\#233;voquons par ailleurs les enjeux m\&\#233;thodologiques inh\&\#233;rents \&\#224; l\&\#8217;\&\#233;tude de ces enqu\&\#234;t\&\#233;s particuliers que sont les enfants.},
	language = {fr},
	number = {3},
	urldate = {2022-05-25},
	journal = {Politix},
	author = {Lignier, Wilfried and Lomba, Cédric and Renahy, Nicolas},
	month = oct,
	year = {2012},
	note = {Bibliographie\_available: 0
Cairndomain: www.cairn.info
Cite Par\_available: 1
Publisher: De Boeck Supérieur},
	pages = {9--21},
	file = {Full Text PDF:/Users/elodielemaire/Zotero/storage/TEEFDRGJ/Lignier et al. - 2012 - The Social Differentiation of Children.pdf:application/pdf},
}

@book{aries_enfant_2014,
	address = {Paris},
	edition = {Nouv. éd.},
	series = {Points {Histoire}},
	title = {L'enfant et la vie familiale sous l'{Ancien} régime},
	isbn = {978-2-7578-4172-3},
	language = {fre},
	number = {20},
	publisher = {Éd. du Seuil},
	author = {Ariès, Philippe},
	year = {2014},
}

@book{breugnot_les_2011,
	title = {Les innovations socio-éducatives},
	isbn = {978-2-8109-0061-9},
	url = {http://www.cairn.info/les-innovations-socio-educatives--9782810900619.htm},
	abstract = {Dans le secteur socio-éducatif et le champ de la protection de l’enfance, les années 1990 ont été marquées par le développement de nouvelles modalités d’intervention auprès des familles. Plusieurs départements français ont vu naître des dispositifs intermédiaires entre soutien à domicile et suppléance familiale, visant à limiter les placements et à restaurer la place des parents auprès des enfants. Ces « innovations socio-éducatives », comme les appelle Pascale Breugnot, ont ouvert la voie à un renouvellement des pratiques et ont nourri certaines orientations de la réforme de la protection de l’enfance du 5 mars 2007. S’appuyant sur les résultats d’une recherche exploratoire menée auprès d’une vingtaine de structures de protection de l’enfance, Pascale Breugnot décrit un mouvement général de transformation des interventions guidé par la primauté de l’éducatif sur le répressif. Les pratiques professionnelles sont analysées in situ à travers quatre dispositifs : un accueil de jour familial, un accueil de jour enfant, un service de placement à domicile, un service d’AEMO avec hébergement. Les nombreux témoignages des professionnels et des familles permettent de cerner les objectifs, les difficultés et réussites de ces dispositifs. Cette recherche inédite est exemplaire par sa clarté, sa méthodologie et sa visée : elle donne à comprendre des pratiques originales trop peu souvent explicitées et analysées.},
	language = {fr},
	urldate = {2022-05-26},
	publisher = {Presses de l’EHESP},
	author = {Breugnot, Pascale},
	year = {2011},
	doi = {10.3917/ehesp.breug.2011.01},
	note = {Cairndomain: www.cairn.info},
	file = {Snapshot:/Users/elodielemaire/Zotero/storage/8FUMDWAJ/les-innovations-socio-educatives--9782810900619.html:text/html},
}

@article{calmo__2012,
	title = {« {Désinstitutionnalisation} » en protection de l'enfance : la contribution de la {CNAPE}},
	volume = {320},
	issn = {2114-2068},
	shorttitle = {« {Désinstitutionnalisation} » en protection de l'enfance},
	url = {https://www.cairn.info/article.php?ID_ARTICLE=JDJ_320_0046},
	language = {fr},
	number = {10},
	urldate = {2022-05-26},
	journal = {Journal du droit des jeunes},
	author = {Calmo, Patrice and Pachod, Laurent},
	year = {2012},
	note = {Bibliographie\_available: 0
Cairndomain: www.cairn.info
Cite Par\_available: 0
Publisher: Association jeunesse et droit},
	pages = {46--50},
	file = {Full Text PDF:/Users/elodielemaire/Zotero/storage/GCNRDCE6/Calmo et Pachod - 2012 - « Désinstitutionnalisation » en protection de l'en.pdf:application/pdf;Snapshot:/Users/elodielemaire/Zotero/storage/CJSPP93U/article.html:text/html},
}

@book{goffman_asiles_1968,
	address = {Paris},
	title = {Asiles: Études sur la condition sociale des malades mentaux et autres reclus},
	isbn = {978-2-7073-0083-6},
	shorttitle = {Asiles},
	language = {French},
	publisher = {Éditions de Minuit},
	author = {Goffman, Erving},
	year = {1968},
	note = {OCLC: 1137824289},
}

@book{fablet_experimentations_2009,
	title = {Expérimentations et innovations en protection de l'enfance: de la séparation au maintien des liens parents-enfants},
	isbn = {978-2-296-09112-2},
	shorttitle = {Expérimentations et innovations en protection de l'enfance},
	abstract = {La réforme de la protection de l'enfance (loi du 5 mars 2007), dans l'un de ses trois axes, prône la diversification des modes de prise en charge et incite à sortir ainsi de l'alternative intervention à domicile (AED ou AEMO) / placement (résidentiel ou familial). Ce sont en fait des dispositifs expérimentés par des professionnels, parfois depuis plus d'une vingtaine d'années, qui ont fourni les bases permettant d'envisager un renouvellement des modalités d'intervention : qu'il s'agisse d'accueil de jour permettant d'éviter la séparation de l'enfant de sa famille ou de la combinaison d'accueils séquentiels et d'interventions à domicile... Dans cet ouvrage, il s'agira de dégager les caractéristiques de ces dispositifs socio-éducatifs innovants, de repérer leur intérêt tout en indiquant les difficultés rencontrées pour leur mise en place. Cet ouvrage collectif prioritairement destiné aux professionnels de l'intervention sociale comprend trois parties. Après une présentation de dispositifs et de pratiques innovants dans le champ de la suppléance familiale, il s'agira de caractériser des interventions préventives et alternatives au placement, puis des innovations socio-éducatives et plus particulièrement un dispositif d'accueil de jour familial.},
	language = {fr},
	publisher = {L'Harmattan},
	author = {Fablet, Dominique},
	year = {2009},
	note = {Google-Books-ID: 1sVU7YJiU0wC},
}

@misc{cereq_institutionnalisation_nodate,
	type = {Billet},
	title = {Institutionnalisation, désinstitutionnalisation de l’intervention sociale},
	url = {https://docks.hypotheses.org/656},
	abstract = {L’intervention sociale a été depuis ses origines engagée dans une dynamique institutionnelle puisqu’elle n’a eu de cesse de se professionnaliser et de s’inscrire au sein des politiques sociales. Cette professionnalisation a revêtu des formes diverses. Elle s’est appuyée sur la constitution et la transmission d’un savoir spécifique rompant plus ou moins avec le savoir profane, … Continuer la lecture de Institutionnalisation, désinstitutionnalisation de l’intervention sociale →},
	language = {fr-FR},
	urldate = {2022-05-26},
	journal = {Le carnet des Docks},
	author = {Céreq, Doc du},
}

@book{carriere_accueil_2020,
	title = {L'accueil en {Maison} d'enfants à caractère social},
	isbn = {979-10-346-0545-3},
	url = {https://www.cairn.info/l-accueil-en-maison-d-enfants-a-caractere-social--9791034605453.htm},
	abstract = {Le dispositif MECS peut-il être reprogrammé en outil de considération, voire d’aide à la reconstruction du lien familial ?La puissance publique, sous couvert d’Aide sociale à l’enfance et de Protection de l’enfance, prend la main sur l’éducation des enfants issus de parentalités précarisées.À l’interface assistant/assisté, naissent, se construisent et se développent des processus de stigmatisation affectant parents dépossédés tout autant qu’enfants protégés.Ces processus sont administrés et formatés en la mise en scène d’un sacrifice très opérationnel en termes d’homéostasie sociale : la production de cas sociaux.Du signalement jusqu’au placement, la succession des interactions et des intervenants fait apparaître ceux-ci comme les maillons-otages d’une chaîne dont la Maison d’enfants à caractère social constitue l’une des extrémités opérantes.Dans cette recherche-action menée durant quatre années au sein de l’établissement, nous avons voulu vérifier in situ jusqu’à quel point il était ou non possible à l’institution M.E.C.S. de se départir du processus systémique de stigmatisation dans lequel elle était consubstantiellement engagée et épargner à ses usagers leur destinée de cibles émissaires sociétales.Le dispositif M.E.C.S. peut-il être reprogrammé en outil de considération, voire d’aide à la reconstruction du lien familial ?La survenue au sein de l’établissement d{\textbackslash}'un contexte particulier – l{\textbackslash}'opportunité, laissée par la direction à l’équipe encadrante d{\textbackslash}'une liberté d{\textbackslash}'action et de mouvement – a permis à l’auteur d{\textbackslash}'ouvrir le champ expérimental à la question de l{\textbackslash}'effectivité en Maison d{\textbackslash}'enfants à caractère social.},
	language = {fr},
	urldate = {2022-05-27},
	publisher = {Champ social},
	author = {Carrière, Gérard},
	year = {2020},
	doi = {10.3917/chaso.carri.2020.01},
	note = {Cairndomain: www.cairn.info},
	file = {Snapshot:/Users/elodielemaire/Zotero/storage/FBZPCWYA/l-accueil-en-maison-d-enfants-a-caractere-social--9791034605453.html:text/html},
}

@article{martin-blachais_structuration_2017,
	title = {La structuration de la protection de l’enfance en {France}},
	volume = {133},
	issn = {0396-8669},
	url = {http://www.cairn.info/revue-vie-sociale-et-traitements-2017-1-page-13.htm},
	language = {fr},
	number = {1},
	urldate = {2022-05-27},
	journal = {VST - Vie sociale et traitements},
	author = {Martin-Blachais, Marie-Paule and Vauchez, Jean-Marie},
	month = feb,
	year = {2017},
	note = {Bibliographie\_available: 0
Cairndomain: www.cairn.info
Cite Par\_available: 0
Publisher: Érès},
	pages = {13--18},
	file = {Full Text PDF:/Users/elodielemaire/Zotero/storage/VLRXK852/Martin-Blachais et Vauchez - 2017 - La structuration de la protection de l’enfance en .pdf:application/pdf;Snapshot:/Users/elodielemaire/Zotero/storage/RVCGBNZN/revue-vie-sociale-et-traitements-2017-1-page-13.html:text/html},
}

@article{delfortrie_protection_2017,
	title = {De la {Protection} de l’{Enfance} à la protection de l’enfant},
	volume = {10},
	issn = {1297-6628},
	url = {http://www.cairn.info/revue-le-sociographe-2017-5-page-31.htm},
	abstract = {Pendant dix mois, deux groupes de parents et de professionnels \&\#224; Lille et \&\#224; N\&\#238;mes se sont rencontr\&\#233;s via une recherche-action pour produire ensemble de la connaissance aux journ\&\#233;es d\&\#8217;\&\#233;tudes de Ressources et Familles \&\#224; N\&\#238;mes\&\#160;2017. Entre confrontation trop frontale des points de vue et consensus trop mou, l\&\#8217;\&\#233;quilibre de cette aventure humaine s\&\#8217;est n\&\#233;goci\&\#233; chemin faisant. Au c\&\#339;ur des \&\#233;changes, une protection de l\&\#8217;enfant concert\&\#233;e au sein de dispositifs de protection de l\&\#8217;Enfance \&\#224; questionner. Ainsi croiser les regards les savoirs et les pratiques a demand\&\#233; \&\#224; chacun de faire de nombreux pas de cot\&\#233;.},
	language = {fr},
	number = {5},
	urldate = {2022-05-27},
	journal = {Le Sociographe},
	author = {Delfortrie, Jérôme},
	month = nov,
	year = {2017},
	note = {Bibliographie\_available: 1
Cairndomain: www.cairn.info
Cite Par\_available: 0
Publisher: Champ social},
	pages = {31--60},
	file = {Full Text PDF:/Users/elodielemaire/Zotero/storage/4BPTZDGV/Delfortrie - 2017 - De la Protection de l’Enfance à la protection de l.pdf:application/pdf},
}

@article{batifoulier_introduction_2012,
	title = {Introduction},
	volume = {85},
	issn = {1152-3336},
	url = {http://www.cairn.info/revue-empan-2012-1-page-10.htm},
	language = {fr},
	number = {1},
	urldate = {2022-05-27},
	journal = {Empan},
	author = {Batifoulier, Francis and Jouve, Alain and Pagès, Martine and Ranchin, Bruno},
	month = mar,
	year = {2012},
	note = {Bibliographie\_available: 0
Cairndomain: www.cairn.info
Cite Par\_available: 1
Publisher: Érès},
	pages = {10--11},
	file = {Full Text PDF:/Users/elodielemaire/Zotero/storage/2ZSQQ74S/Batifoulier et al. - 2012 - Introduction.pdf:application/pdf;Snapshot:/Users/elodielemaire/Zotero/storage/28GELHJP/revue-empan-2012-1-page-10.html:text/html},
}

@techreport{onpe_enfants_2016,
	title = {Enfants en (risque de) danger, enfants protégés : quelles données chiffrées ?},
	author = {ONPE},
	year = {2016},
	file = {ragp_2016_-_version_finale_2_leger.pdf:/Users/elodielemaire/Zotero/storage/S3Y4DZFI/ragp_2016_-_version_finale_2_leger.pdf:application/pdf},
}

@article{deroyon_correction_2017,
	series = {{INSEE}-{Méthodes}},
	title = {La correction de la non-réponse par repondération},
	author = {Deroyon, Thomas},
	year = {2017},
	file = {Deroyon - 2017 - La correction de la non-réponse par repondération.pdf:/Users/elodielemaire/Zotero/storage/VA3RVEPL/Deroyon - 2017 - La correction de la non-réponse par repondération.pdf:application/pdf},
}

@article{sautory_les_2018,
	series = {{INSEE}-{Méthodes}},
	title = {Les méthodes de calage},
	author = {Sautory, Olivier},
	year = {2018},
	file = {Sautory - 2018 - Les méthodes de calage.pdf:/Users/elodielemaire/Zotero/storage/E5YSKW9Q/Sautory - 2018 - Les méthodes de calage.pdf:application/pdf},
}

@techreport{onpe_population_2020,
	title = {La population des enfants suivis en protection de l’enfance au 31/12/2018 : les disparités départementales},
	author = {ONPE},
	year = {2020},
}

@techreport{onpe_estimation_2017,
	title = {Estimation de la population des enfants suivis en protection de l’enfance au 31/12/2015},
	author = {ONPE},
	year = {2017},
}

@techreport{onpe_etat_2021,
	title = {État des lieux de la mise en place des observatoires départementaux de la protection de l’enfance en {France} en 2020},
	author = {ONPE},
	year = {2021},
}

@techreport{onpe_deuxieme_2022,
	title = {Deuxième rapport dédié au dispositif {Olinpe}},
	author = {ONPE},
	year = {2022},
}
