

@article{goyetteTransitionVersVie2004,
  title = {{La transition vers la vie adulte des jeunes qui ont v\'ecu un placement : un d\'efi pour les organismes de protection de la jeunesse}},
  shorttitle = {{La transition vers la vie adulte des jeunes qui ont v\'ecu un placement}},
  author = {Goyette, Martin and Turcotte, Daniel},
  year = {2004},
  journal = {Service social},
  volume = {51},
  number = {1},
  pages = {30--44},
  publisher = {{\'Ecole de service social de l'Universit\'e Laval}},
  issn = {1708-1734},
  doi = {10.7202/012710ar},
  abstract = {Les adolescents qui entrent dans la vie adulte apr\`es un s\'ejour prolong\'e dans un milieu substitut sont particuli\`erement vuln\'erables, en raison~: de leur d\'eficit sur les plans de la scolarisation, de l'employabilit\'e et des habilet\'es de la vie quotidienne en g\'en\'eral; d'un manque de pr\'eparation \`a la vie autonome; d'un d\'eficit de liens sociaux. Les pronostics sont souvent sombres quant \`a leur insertion sociale et professionnelle. Pour corriger cette situation, divers programmes d'intervention visant \`a d\'evelopper leur autonomie ou leur autosuffisance (self-sufficiency) sont mis en place. \`A partir d'une revue des \'ecrits sur les programmes d'intervention visant l'autonomie fonctionnelle des jeunes en situation de placement, cet article propose de repenser la mani\`ere d'envisager la transition vers la vie adulte des jeunes plac\'es en milieu substitut. Il s'agit d'envisager les jeunes en tant que sujets interd\'ependants de leur communaut\'e en repla\c{c}ant la question des relations sociales et des r\'eseaux sociaux de soutien au coeur des pr\'eoccupations d'intervention visant \`a faciliter l'insertion sociale et professionnelle.},
  langid = {french},
  keywords = {autonomie,emancipation,independent living,insertion sociale et professionnelle,intervention en protection de la jeunesse,jeunes en milieu substitut,social and professional inclusion,transition,transition to adulthood,youth protection,youth substitute environment},
  file = {/Users/elodielemaire/Zotero/storage/Y5LN6JC9/012710ar.html}
}



